@article{buscemi2014gametheoretic,
  title={Game-theoretic characterization of antidegradable channels},
  author={Buscemi, Francesco and Datta, Nilanjana and Strelchuk, Sergii},
  journal={Journal of Mathematical Physics},
  volume={55},
  number={9},
  pages={092202},
  year={2014},
  publisher={American Institute of Physics},
  doi={https://doi.org/10.1063/1.4895918}
}
