@article{umanita2006classification,
  title={Classification and decomposition of quantum Markov semigroups},
  author={Umanit{\`a}, Veronica},
  journal={Probability theory and related fields},
  volume={134},
  number={4},
  pages={603--623},
  year={2006},
  publisher={Springer}
}

