@incollection{majewski2016orlicz,
  title={Why are Orlicz spaces useful for Statistical Physics?},
  author={Majewski, W Adam and Labuschagne, Louis E},
  booktitle={Noncommutative Analysis, Operator Theory and Applications},
  pages={271--283},
  year={2016},
  publisher={Springer}
}