@article{labuschagne2013crossed,
  title={A crossed product approach to Orlicz spaces},
  author={Labuschagne, Louis E},
  journal={Proceedings of the London Mathematical Society},
  volume={107},
  number={5},
  pages={965--1003},
  year={2013},
  publisher={Wiley Online Library},
  doi={https://doi.org/10.1112/plms/pdt006}
}
