@article{kimura2010distinguishability,
  title={{Distinguishability Measures and Entropies for General Probabilistic Theories}},
  author={G. Kimura and K. Nuida and H. Imai},
  journal={Rep. Math. Phys.},
  volume={66},
  pages={175-206},
  year={2010}
}


