@article{busch1986unsharp,
  title={Unsharp reality and joint measurements for spin observables},
  author={Busch, Paul},
  journal={Physical Review D},
  volume={33},
  number={8},
  pages={2253},
  year={1986},
  publisher={APS}
}

