@article{fawzi2015quantum,
  title={Quantum conditional mutual information and approximate {Markov} chains},
  author={Fawzi, Omar and Renner, Renato},
  journal={Communications in Mathematical Physics},
  volume={340},
  number={2},
  pages={575--611},
  year={2015},
  publisher={Springer},
  doi={10.1007/s00220-015-2466-x}
}
