@book{ohya1993quantum,
  title={Quantum Entropy and Its Use},
  author={Ohya, M. and Petz, D.},
  isbn={9783540548812},
  lccn={92029580},
  series={Lecture Notes in Computer Science},
  url={https://books.google.sk/books?id=-wlBAQAAIAAJ},
  year={1993},
  publisher={Springer-Verlag}
}


