@article{girard2021jordan,
  title={Jordan products of quantum channels and their compatibility},
  author={Girard, Mark and Pl{\'a}vala, Martin and Sikora, Jamie},
  journal={Nature Communications},
  volume={12},
  number={1},
  pages={1--6},
  year={2021},
  publisher={Nature Publishing Group},
  doi={https://doi.org/10.1038/s41467-021-22275-0}
}
