@article{pulmannova2013effect,
	authors={S. Pulmannova,},
	year={2013},
	journal={arXiv preprint arXiv:1307.4201},
}