@article{arveson2008lifting,
   title={Lifting endomorphisms to automorphisms},
   volume={136},
   ISSN={0002-9939},
   url={http://dx.doi.org/10.1090/S0002-9939-08-09186-7},
   DOI={10.1090/s0002-9939-08-09186-7},
   number={06},
   journal={Proceedings of the American Mathematical Society},
   publisher={American Mathematical Society (AMS)},
   author={Arveson, William and Courtney, Dennis},
   year={2008},
   month={Feb},
   pages={2073â€“2079}
}

