@article{furuya2023monotonic,
  title={Monotonic multi-state quantum f-divergences},
  author={Furuya, Keiichiro and Lashkari, Nima and Ouseph, Shoy},
  journal={Journal of Mathematical Physics},
  volume={64},
  number={4},
  year={2023},
  publisher={AIP Publishing},
  doi={10.1063/5.0125505}
}


