@article{mullerhermes2017monotonicity,
  title={Monotonicity of the quantum relative entropy under positive maps},
  author={M{\"u}ller-Hermes, Alexander and Reeb, David},
  journal={Annales Henri Poincar{\'e}},
  volume={18},
  pages={1777--1788},
  year={2017},
  publisher={Springer},
  doi={doi.org/10.1007/s00023-017-0550-9}
}
