@article{jencova2019observables,
}