@inproceedings{haagerup1979lpspaces,
  title={Lp-spaces associated with an arbitrary von Neumann algebra},
  author={Haagerup, Uffe},
  booktitle={Algebres dâ€™op{\'e}rateurs et leurs applications en physique math{\'e}matique (Proc. Colloq., Marseille, 1977)},
  volume={274},
  pages={175--184},
  year={1979}
}
