@article{fagnola1999algebraic, 
title={Algebraic Markov processes}, 
volume={18}, 
url={https://www.revistaproyecciones.cl/index.php/proyecciones/article/view/2817}, 
DOI={10.22199/S07160917.1999.0003.00003},
number={3}, 
journal={Proyecciones (Antofagasta, On line)}, 
author={Fagnola, Franco}, 
year={2018},
 pages={13-28} 
}

