
@article{farenick2013approximately,
  title={{Approximately Clean Quantum Probability Measures}},
  author={D. Farenick and  R. Floricel and S. Plosker},
  journal={Journal of Mathematical Physics},
  volume={54},
  Article-number={052201},
  year={2013}
}

