@article{audenaert2015alpha,
  title={$\alpha$-z-{R{\'e}nyi} relative entropies},
  author={Audenaert, Koenraad MR and Datta, Nilanjana},
  journal={Journal of Mathematical Physics},
  volume={56},
  number={2},
  year={2015},
  publisher={AIP Publishing},
  doi={10.1063/1.4906367}
}

