@article{mosonyi2017strong,
  title={Strong Converse Exponent for Classical-Quantum Channel Coding.},
  author={Mosonyi, Mil{\'a}n and Ogawa, Tomohiro},
  journal={Communications in Mathematical Physics},
  volume={355},
  number={1},
  year={2017},
  doi={10.1007/s00220-017-2928-4}
}
