
@article{skrzypczyk2019robustness,
  title = {Robustness of Measurement, Discrimination Games, and Accessible Information},
  author = {Skrzypczyk, Paul and Linden, Noah},
  journal = {Phys. Rev. Lett.},
  volume = {122},
  issue = {14},
  pages = {140403},
  numpages = {6},
  year = {2019},
  month = {Apr},
  publisher = {American Physical Society},
  doi = {10.1103/PhysRevLett.122.140403},
  url = {https://link.aps.org/doi/10.1103/PhysRevLett.122.140403}
}

