@article{designolle2019incompatibility,
  title={Incompatibility robustness of quantum measurements: a unified framework},
  author={Designolle, S{\'e}bastien and Farkas, M{\'a}t{\'e} and Kaniewski, J{\k{e}}drzej},
  journal={New Journal of Physics},
  volume={21},
  number={11},
  pages={113053},
  year={2019},
  publisher={IOP Publishing},
  doi={https://doi.org/10.1088/1367-2630/ab5020} 
}

