
@misc{jencova2020renyi,
  title={{R\'{e}nyi relative entropies and noncommutative $L_p$-spaces II}},
  author={Jen\v{c}ov\'{a}, Anna},
  eprint={2011.06497},
  archivePrefix={arXiv},
  primaryClass={quant-ph}
}
