@article{barrett2007information,
  title={Information processing in generalized probabilistic theories},
  author={Barrett, Jonathan},
  journal={Physical Review A},
  volume={75},
  number={3},
  pages={032304},
  year={2007},
  publisher={APS}
}

