@article{wetering2020commutativity,
  title={Commutativity in Jordan operator algebras},
  author={van de Wetering, John},
  journal={Journal of Pure and Applied Algebra},
  volume={224},
  number={11},
  pages={106407},
  year={2020},
  publisher={Elsevier}
}

