@article{oreshkov2018timedelocalized,
title={Time-delocalized quantum subsystems and operations: on the existence of processes with indefinite causal structure in quantum mechanics},
   volume={3},
   ISSN={2521-327X},
   url={http://dx.doi.org/10.22331/q-2019-12-02-206},
   DOI={10.22331/q-2019-12-02-206},
   journal={Quantum},
   publisher={Verein zur Forderung des Open Access Publizierens in den Quantenwissenschaften},
   author={Oreshkov, Ognyan},
   year={2019},
   month=dec, pages={206} 
   }

