
@article{barnum2015entropy,
Author={H. Barnum and J. Barrett and M. Krumm and M. P. M\"uller},
Title={{Entropy, majorization and thermodynamics in general probabilistic theories}},
Journal={{EPTCS}},
Year={{2015}},
Volume={{195}},
Pages={{43-58}},
}



