
@article{kubicki2019resource,
  title={Resource Quantification for the No-Programing Theorem},
  author={A. M. Kubicki and C. Palazuelos and D. P{\'e}rez-Garc{\'\i}a},
  journal={Physical Review Letters},
  volume={122},
  number={8},
  pages={080505},
  year={2019},
  publisher={APS}
}




