@article{morozova1991markov,
  title={Markov invariant geometry on manifolds of states},
  author={Morozova, Elena Alexandra and Chentsov, Nikolai Nikolaevich},
  journal={Journal of Soviet Mathematics},
  volume={56},
  number={5},
  pages={2648--2669},
  year={1991},
  publisher={Springer},
}

@article{morozova1989markov,
  title={Markov invariant geometry on state manifolds},
  author={Morozova, Elena Aleksandrovna and Chentsov, Nikolai Nikolaevich},
  journal={Itogi Nauki i Tekhniki. Seriya" Sovremennye Problemy Matematiki. Noveishie Dostizheniya"},
  volume={36},
  pages={69--102},
  year={1989},
  publisher={All-Russian Institute for Scientific and Technical Information of Russian~â€¦}
}
