@article{szabo1996isthereanything,
	authors={E. L. Szab√≥,},
	year={1996},
	journal={arXiv preprint quant-ph/9606006},
}