@article{blume2010information,
  title={Information-preserving structures: A general framework for quantum zero-error information},
  author={Blume-Kohout, Robin and Ng, Hui Khoon and Poulin, David and Viola, Lorenza},
  journal={Physical Review A},
  volume={82},
  number={6},
  pages={062306},
  year={2010},
  publisher={APS},
  doi={10.1103/PhysRevA.82.062306}
}

