@article{jenca2017effect,
}