@article{gordon1969onpabsolutely,
  title={On $p$-absolutely summing constants of {Banach} spaces},
  author={Gordon, Yehoram},
  journal={Israel Journal of Mathematics},
  volume={7},
  number={2},
  pages={151--163},
  year={1969},
  publisher={Springer}
}
