@article{foulis2017states,
  title={States and synaptic algebras},
  author={Foulis, David J and Jen{\v{c}}ov{\'a}, Anna and Pulmannov{\'a}, Sylvia},
  journal={Reports on Mathematical Physics},
  volume={79},
  number={1},
  pages={13--32},
  year={2017},
  publisher={Elsevier}
}
