@article{frenkel2022integral,
	authors={E. P. Frenkel,},
	year={2022},
	journal={arXiv preprint arXiv:2208.12194},
}