@article{albert2019asymptotics,
   title={Asymptotics of quantum channels: conserved quantities, an adiabatic limit, and matrix product states},
   volume={3},
   ISSN={2521-327X},
   url={http://dx.doi.org/10.22331/q-2019-06-06-151},
   DOI={10.22331/q-2019-06-06-151},
   journal={Quantum},
   publisher={Verein zur Forderung des Open Access Publizierens in den Quantenwissenschaften},
   author={Albert, Victor V.},
   year={2019},
   month={Jun},
   pages={151}
}

