
@inproceedings{harremoes2017quantum,
Author={P. Harreomes},
Title={{Quntum information on spectral sets}},
booktitle={{2017 IEEE International Symposium on Information Theory (ISIT)}},
Year={{2017}},
Pages={{1549-1553}},
Publisher={IEEE},
}




