@article{oreshkov2016causal,
   title={Causal and causally separable processes},
   volume={18},
   ISSN={1367-2630},
   url={http://dx.doi.org/10.1088/1367-2630/18/9/093020},
   DOI={10.1088/1367-2630/18/9/093020},
   number={9},
   journal={New Journal of Physics},
   publisher={IOP Publishing},
   author={Oreshkov, Ognyan and Giarmatzi, Christina},
   year={2016},
   month=sep, 
   pages={093020} 
  }
