@article{hiai1991proper,
  title={The proper formula for relative entropy and its asymptotics in quantum probability},
  author={F. Hiai and D. Petz},
  journal={Communications in mathematical physics},
  volume={143},
  number={1},
  pages={99--114},
  year={1991},
  publisher={Springer}
}

