
@article{berta2017variational,
  title={On variational expressions for quantum relative entropies},
  author={M. Berta and O. Fawzi  and M. Tomamichel},
  journal={Letters in Mathematical Physics},
  volume={107},
  number={12},
  pages={2239--2265},
  year={2017},
  publisher={Springer}
}
