@article{aubrun2018universal,
  title={Universal gaps for XOR games from estimates on tensor norm ratios},
  author={Aubrun, Guillaume and Lami, Ludovico and Palazuelos, Carlos and Szarek, Stanis{\l}aw J and Winter, Andreas},
  journal={arXiv preprint arXiv:1809.10616},
  year={2018}
}

