@article{jenca2019pseudo,
}