@article{hiai2021connections,
  title={Connections of unbounded operators and some related topics: von Neumann algebra case},
  author={Hiai, Fumio and Kosaki, Hideki},
  journal={International Journal of Mathematics},
  volume={32},
  number={05},
  pages={2150024},
  year={2021},
  publisher={World Scientific},
  doi={10.1142/S0129167X21500245}
}
