@article{jencova2012extremality,
  title={Extremality conditions for generalized channels},
  author={Jen{\v{c}}ov{\'a}, Anna},
  journal={Journal of Mathematical Physics},
  volume={53},
  number={12},
  pages={122203},
  year={2012},
  publisher={American Institute of Physics}
}
