@inproceedings{umegaki1962conditional,
  title={Conditional expectation in an operator algebra, IV (entropy and information)},
  author={Umegaki, Hisaharu},
  booktitle={Kodai Mathematical Seminar Reports},
  volume={14},
  number={2},
  pages={59--85},
  year={1962},
  organization={Department of Mathematics, Tokyo Institute of Technology},
  doi={10.2996/kmj/1138844604}
}


