@article{pistone1999theexponential,
  title={The exponential statistical manifold: Mean parameters, orthogonality, and space transformation},
  author={PISTONE, G},
  journal={Bernoulli},
  volume={5},
  number={4},
  pages={721--760},
  year={1999},
  doi={https://doi.org/10.1214/aos/1176324311}
}

