@article{stevens2014steering,
  title={Steering, incompatibility, and Bell-inequality violations in a class of probabilistic theories},
  author={Stevens, Neil and Busch, Paul},
  journal={Physical Review A},
  volume={89},
  number={2},
  pages={022123},
  year={2014},
  publisher={APS},
  doi={https://doi.org/10.1103/physreva.89.022123}
  }



