@article{koashi2002operations,
  title = {Operations that do not disturb partially known quantum states},
  author = {Koashi, Masato and Imoto, Nobuyuki},
  journal = {Phys. Rev. A},
  volume = {66},
  issue = {2},
  pages = {022318},
  numpages = {17},
  year = {2002},
  month = {Aug},
  publisher = {American Physical Society},
  doi = {10.1103/PhysRevA.66.022318},
}

