@article{jencova2003flat,
	authors={A. Jenčová,},
	year={2003},
	journal={Reports on Mathematical Physics, 52(3), 331-351},
}