@article{regula2020fundamental,
  title={Fundamental limitations on quantum channel manipulation},
  author={Regula, Bartosz and Takagi, Ryuji},
  journal={arXiv preprint arXiv:2010.11942},
  year={2020}
}
