
@article{farenick2014operator,
  title={Operator systems from discrete groups},
  author={Farenick, Douglas and Kavruk, Ali S and Paulsen, Vern I and Todorov, Ivan G},
  journal={Communications in Mathematical Physics},
  volume={329},
  number={1},
  pages={207--238},
  year={2014},
  publisher={Springer}
}

