@article{buscemi2019aninformation,
   title={An information-theoretic treatment of quantum dichotomies},
   volume={3},
   ISSN={2521-327X},
   url={http://dx.doi.org/10.22331/q-2019-12-09-209},
   DOI={10.22331/q-2019-12-09-209},
   journal={Quantum},
   publisher={Verein zur Forderung des Open Access Publizierens in den Quantenwissenschaften},
   author={Buscemi, Francesco and Sutter, David and Tomamichel, Marco},
   year={2019},
   month={Dec},
   pages={209}
}


