@article{mosonyi2023thestrong,
  title={The strong converse exponent of discriminating infinite-dimensional quantum states},
  author={Mosonyi, Mil{\'a}n},
  journal={Communications in Mathematical Physics},
  volume={400},
  number={1},
  pages={83--132},
  year={2023},
  publisher={Springer},
  doi={10.1007/s00220-022-04598-1}
}


