@article{faulkner2020approximate2,
	authors={T. Faulkner,},
	year={2020},
	journal={Neumann algebras. arXiv preprint arXiv:2010.05513},
}

