@book{rao1991theory,
  author = {Rao, M. M. and Ren, Z. D.},
  title = "Theory of Orlicz spaces",
  year = "1991",
  publisher = "M. Dekker",
  address = "New York, United States",
  ISSN/ISBN = "9780824784782 [0824784782]",
  }
