@article{petz1985quasi,
  title={Quasi-entropies for states of a von Neumann algebra},
  author={Petz, D{\'e}nes},
  journal={Publications of the Research Institute for Mathematical Sciences},
  volume={21},
  number={4},
  pages={787--800},
  year={1985}
}


