@article{bardet2017estimating,
  title={Estimating the decoherence time using non-commutative Functional Inequalities},
  author={Bardet, Ivan},
  journal={arXiv preprint arXiv:1710.01039},
  year={2017}
}
  
