@article{foulis2003compressible,
  title={Compressible groups},
  author={Foulis, David J},
  journal={Mathematica Slovaca},
  volume={53},
  number={5},
  pages={433--455},
  year={2003},
  publisher={Mathematical Institute of the Slovak Academy of Sciences}
}

