@inproceedings{pistone2013nonparametric,
  title={Nonparametric information geometry},
  author={Pistone, Giovanni},
  booktitle={International Conference on Geometric Science of Information},
  pages={5--36},
  year={2013},
  organization={Springer},
  doi={https://doi.org/10.1007/978-3-642-40020-9_3}
  }
