@article{coecke2016amathematical,
  title={A mathematical theory of resources},
  author={Coecke, Bob and Fritz, Tobias and Spekkens, Robert W},
  journal={Information and Computation},
  volume={250},
  pages={59--86},
  year={2016},
  publisher={Elsevier}
}

