@article{jencova2023spectral,
	authors={A. Jen{\v c}ov\' a and S. Pulmannpv\'a},
	year={2023},
	journal={Journal of Mathematical Analysis and Applications}, 
	volume={520},
	pages={126911},
	doi={10.1016/j.jmaa.2022.126911}
}
