@book{ay2017information,
  title={Information geometry},
  author={Ay, Nihat and Jost, J{\"u}rgen and V{\^a}n L{\^e}, H{\^o}ng and Schwachh{\"o}fer, Lorenz},
  volume={64},
  year={2017},
  publisher={Springer},
  doi={https://doi.org/10.1007/978-3-319-56478-4}
}

