@article{santocanale2022frobenius,
  title={Frobenius structures in star-autonomous categories},
  author={Santocanale, Luigi and de Lacroix, C{\'e}dric},
  journal={arXiv preprint arXiv:2207.13912},
  year={2022}
}
