
@article{alberti1985onthesimultaneous,
  title={{On the Simultaneous Transformation of Density Operators by Means of a Completely Positive, Unity Preserving Linear Map}},
  author={Peter M. Alberti},
  journal={Publ. Res. Inst. Math. Sci., Kyoto Univ.},
  volume={21},
  pages={ 617-644},
    year={1985},
  doi={10.2977/prims/1195179058}
}




