@article{donald1991continuity,
  title={Continuity and relative hamiltonians},
  author={Donald, Matthew J},
  journal={Communications in mathematical physics},
  volume={136},
  number={3},
  pages={625--632},
  year={1991},
  publisher={Springer}
}
