@book{beauzamy1982introduction,
  title={Introduction to Banach Spaces and their Geometry},
  author={Beauzamy, B.},
  isbn={9780080871790},
  series={Mathematics Studies},
  number={68},
  year={1982},
  publisher={North-Holland, Amsterdam}
}


