@article{jencova2007howsharp,
	authors={A. Jencov√°,},
	year={2007},
	journal={arXiv preprint math-ph/0701031},
}
