@article{kuramochi2018accessible,
  title={Accessible information without disturbing partially known quantum states on a von Neumann algebra},
  author={Kuramochi, Yui},
  journal={International Journal of Theoretical Physics},
  volume={57},
  number={8},
  pages={2249--2266},
  year={2018},
  publisher={Springer},
  doi={10.1007/s10773-018-3749-8}
}


