@article{berta2018renyi,
  title={{Rényi divergences as weighted non-commutative vector valued $L_p$-spaces}},
  author={M. Berta and V. B. Scholz and M. Tomamichel},
  journal={Annales Henri Poincaré},
  volume={19},
  pages={1843-1867},
  year={2018}
}

