@article{guerini2017operational,
   title={Operational framework for quantum measurement simulability},
   volume={58},
   ISSN={1089-7658},
   url={http://dx.doi.org/10.1063/1.4994303},
   DOI={10.1063/1.4994303},
   number={9},
   journal={Journal of Mathematical Physics},
   publisher={AIP Publishing},
   author={Guerini, Leonardo and Bavaresco, Jessica and Terra Cunha, Marcelo and Ac√≠n, Antonio},
   year={2017},
   month={Sep},
   pages={092102}
}

