
@article{furuya2023monotonic,
  title={Monotonic multi-state quantum f-divergences},
  author={Furuya, Keiichiro and Lashkari, Nima and Ouseph, Shoy},
  journal={Journal of Mathematical Physics},
  volume={64},
  number={4},
  year={2023},
  publisher={AIP Publishing},
  doi={10.1063/5.0125505}
}

@article{kosaki1992aninequality,
  title={{An inequality of Araki-Lieb-Thirring (von Neumann algebra case)}},
  author={Kosaki, Hideki},
  journal={Proceedings of the American Mathematical Society},
  volume={114},
  number={2},
  pages={477--481},
  year={1992},
  doi={10.1090/S0002-9939-1992-1065951-1}
}


@article{hiai2021connections,
  title={Connections of unbounded operators and some related topics: von {N}eumann algebra case},
  author={Hiai, Fumio and Kosaki, Hideki},
  journal={International Journal of Mathematics},
  volume={32},
  number={05},
  pages={2150024},
  year={2021},
  publisher={World Scientific},
  doi={10.1142/S0129167X21500245}
}
@BOOK{takesaki2002theory1,
  AUTHOR = {Takesaki, M.},
  TITLE = {Theory of Operator Algebras. {I}},
  SERIES = {Encyclopaedia of Mathematical Sciences},
  VOLUME = {124},
  NOTE = {Reprint of the first (1979) edition},
  PUBLISHER = {Springer-Verlag},
  ADDRESS = {Berlin},
  YEAR = {2002},
  ISBN = {3-540-42248-X},
  doi={10.1007/978-1-4612-6188-9}
  }

@BOOK{takesaki2003theory2,
  AUTHOR = {Takesaki, M.},
  TITLE = {Theory of Operator Algebras. {II}},
  SERIES = {Encyclopaedia of Mathematical Sciences},
  VOLUME = {125},
  PUBLISHER = {Springer-Verlag},
  ADDRESS = {Berlin},
  YEAR = {2003},
  ISBN = {3-540-42914-X},
  doi={10.1007/978-3-662-10451-4}
}

@BOOK{takesaki2003theory3,
  AUTHOR = {Takesaki, M.},
  TITLE = {Theory of Operator Algebras. {III}},
  SERIES = {Encyclopaedia of Mathematical Sciences},
  VOLUME = {127},
  PUBLISHER = {Springer-Verlag},
  ADDRESS = {Berlin},
  YEAR = {2003},
  ISBN = {3-540-42913-1},
  doi={10.1007/978-3-662-10453-8}
}


@article{gu2019interpolation,
  title={{Interpolation of quasi noncommutative $L_p$-spaces}},
  author={J. Gu and Z. Yin and H. Zhang},
  journal={arXiv:1905.08491},
  year={2019}
}
@article{hiai2017different,
  title={Different quantum f-divergences and the reversibility of quantum operations},
  author={Hiai, Fumio and Mosonyi, Mil{\'a}n},
  journal={Reviews in Mathematical Physics},
  volume={29},
  number={07},
  pages={1750023},
  year={2017},
  publisher={World Scientific},
  doi={10.1142/S0129055X17500234}
}

@article{beigi2013sandwiched,
  title={Sandwiched {R{\'e}nyi} divergence satisfies data processing inequality},
  author={Beigi, Salman},
  journal={Journal of Mathematical Physics},
  volume={54},
  number={12},
  year={2013},
  publisher={AIP Publishing},
doi={10.1063/1.4838855}   
}

@article{leditzky2017data,
  title={Data processing for the sandwiched {R}{\'e}nyi divergence: a condition for equality},
  author={Leditzky, Felix and Rouz{\'e}, Cambyse and Datta, Nilanjana},
  journal={Letters in Mathematical Physics},
  volume={107},
  number={1},
  pages={61--80},
  year={2017},
  publisher={Springer},
  doi={10.1007/s11005-016-0896-9}
}

@article{petz1988sufficiency,
  title={Sufficiency of channels over von {Neumann} algebras},
  author={Petz, D{\'e}nes},
  journal={The Quarterly Journal of Mathematics},
  volume={39},
  number={1},
  pages={97--108},
  year={1988},
  publisher={Oxford University Press},
  doi={10.1093/qmath/39.1.97}
}

@article{cwikel1978complex,
  title={Complex Interpolation Spaces, a Discrete Definition and Reiteration},
  author={Cwikel, Michael},
  journal={Indiana University Mathematics Journal},
  volume={27},
  pages={1005-1009},
  year={1978},
  doi={10.1512/iumj.1978.27.27068}
}


@article{kosaki1986relative,
  title={Relative entropy of states: a variational expression},
  author={Kosaki, Hideki},
  journal={Journal of Operator Theory},
  volume={16},
  pages={335--348},
  year={1986},
}
@article{mullerlennert2013onquantum,
Author={M. M\" uller-Lennert and F. Dupuis and O. Szehr and S. Fehr and M. Tomamichel},
Title={{On quantum R\'enyi entropies: a new generalization and some properties}},
Journal={{J. Math. Phys.}},
Year={{2013}},
Volume={{54}},
Pages={{122203}},
eprint={arXiv:1306.3142 [quant-ph]},
}

@article{mosonyi2023somecontinuity,
author={Mosonyi, Milán and Hiai, Fumio},
  journal={IEEE Transactions on Information Theory}, 
  title={Some continuity properties of quantum {R}ényi divergences}, 
  year={2023},
doi={10.1109/TIT.2023.3324758}
}
@book{hiai2021lectures,
  title={Lectures on Selected Topics in von Neumann Algebras},
  author={Hiai, Fumio},
  year={2021},
  publisher={EMS Press},
  address={Berlin},
  doi={10.4171/ELM/32}
}

@article{petz1986sufficient,
  title={Sufficient subalgebras and the relative entropy of states of a von {Neumann} algebra},
  author={Petz, D{\'e}nes},
  journal={Communications in Mathematical Physics},
  volume={105},
  number={1},
  pages={123--131},
  year={1986},
  publisher={Springer},
  doi={10.1007/BF01212345}
}

@article{zhang2020fromwyd,
  title={{From Wigner-Yanase-Dyson conjecture to Carlen-Frank-Lieb conjecture}},
  author={Zhang, Haonan},
  journal={Advances in Mathematics},
  volume={365},
  pages={107053},
  year={2020},
  publisher={Elsevier},
  doi={10.1016/j.aim.2020.107053}
}

@article{jencova2006sufficiencyfirst,
  title={Sufficiency in Quantum Statistical Inference},
  author={Jen{\v c}ov{\'a}, Anna  and Petz, D{\'e}nes},
  journal={Communications in Mathematical Physics},
  year={2006},
  volume={263},
  pages={259-276},
  doi={10.1007/s00220-005-1510-7}
}
@book{hiai2021quantum,
  title={Quantum $f$-Divergences in von Neumann Algebras: Reversibility of Quantum Operations},
  author={Hiai, Fumio},
  isbn={9789813341999},
  series={Mathematical Physics Studies},
  year={2021},
  publisher={Springer},
  address={Singapore},
  doi={10.1007/978-981-33-4199-9}
}

@article{petz1986quasi,
  title={Quasi-entropies for finite quantum systems},
  author={Petz, D{\'e}nes},
  journal={Reports on Mathematical Physics},
  volume={23},
  number={1},
  pages={57--65},
  year={1986},
  publisher={Elsevier}
}


@misc{terp1981lpspaces,
Author = {M. Terp},
Title = {{$L_p$-spaces associated with von Neumann algebras}}, 
Howpublished = {{Notes, Copenhagen University}},
Year = {{1981}}
}


@article{jencova2018renyi,
  title={{R{\'e}nyi relative entropies and noncommutative $L_p$-spaces}},
  author={Jen{\v c}ov{\'a}, Anna},
  journal={Annales Henri Poincar{\'e}},
  volume={19},
  pages={2513-2542},
  year={2018},
  doi={10.1007/s00023-018-0683-5}
}
@article{frank2013monotonicity,
  title={Monotonicity of a relative {R}{\'e}nyi entropy},
  author={R. L. Frank and E. H. Lieb},
  journal={Journal of Mathematical Physics},
  volume={54},
  number={12},
  pages={122201},
  year={2013},
  publisher={American Institute of Physics},
  doi={10.1063/1.4838835}
}

@article{petz1985quasi,
  title={Quasi-entropies for states of a von {N}eumann algebra},
  author={Petz, D{\'e}nes},
  journal={Publications of the Research Institute for Mathematical Sciences},
  volume={21},
  number={4},
  pages={787--800},
  year={1985},
  doi={10.2977/prims/1195178929}
}


@article{carlen2018inequalities,
  title={Inequalities for quantum divergences and the {Audenaert--Datta} conjecture},
  author={Carlen, Eric A and Frank, Rupert L and Lieb, Elliott H},
  journal={Journal of Physics A: Mathematical and Theoretical},
  volume={51},
  number={48},
  pages={483001},
  year={2018},
  publisher={IOP Publishing},
  doi={ https://doi.org/10.1088/1751-8121/aae8a3}
}
@article{hiai1984strong,
  title={Strong martingale convergence of generalized conditional expectations on von {N}eumann algebras},
  author={Hiai, Fumio and Tsukada, Makoto},
  journal={Transactions of the American Mathematical Society},
  volume={282},
  number={2},
  pages={791--798},
  year={1984},
  doi={10.1090/S0002-9947-1984-0732120-1}
}
@article{hiai2024logmajorization,
  title={Log-majorization and matrix norm inequalities with application to quantum information},
  author={Hiai, Fumio},
  journal={arXiv preprint arXiv:2402.16067},
  year={2024}
}

@article{wilde2015recoverability,
  title={Recoverability in quantum information theory},
  author={Wilde, Mark M},
  journal={Proceedings of the Royal Society A: Mathematical, Physical and Engineering Sciences},
  volume={471},
  number={2182},
  pages={20150338},
  year={2015},
  publisher={The Royal Society Publishing},
  doi={10.1098/rspa.2015.0338}
}


@article{accardi1982conditional,
  title={Conditional Expectations in von {Neumann} Algebras and a Theorem of {T}akesaki},
  author={Accardi, Luigi and Cecchini, Carlo},
  journal={Journal  of Functional Analysis},
  volume={45},
  pages={245--273},
  year={1982},
  doi={10.1016/0022-1236(82)90022-2}
}


@inproceedings{haagerup1979lpspaces,
  title={{$L_p$-spaces associated with an arbitrary von Neumann algebra}},
  author={Haagerup, Uffe},
  booktitle={Algebres d’op{\'e}rateurs et leurs applications en physique math{\'e}matique (Proc. Colloq., Marseille, 1977)},
  volume={274},
  pages={175--184},
  year={1979}
}
@article{hiai2018quantum,
  title={{Quantum $f$-divergences in von Neumann algebras. I. Standard $f$-divergences}},
  author={F. Hiai},
  journal={Journal of Mathematical Physics},
  volume={59},
  number={10},
  pages={102202},
  year={2018},
  publisher={AIP Publishing LLC}
}


@article{junge2003noncommutative,
  title={Noncommutative {B}urkholder/{R}osenthal inequalities},
  author={M. Junge and Q. Xu},
  journal={The Annals of Probability},
  volume={31},
  number={2},
  pages={948--995},
  year={2003},
  publisher={Institute of Mathematical Statistics}
} 



@article{kosaki1984applications,
Author={H. Kosaki},
Title={{Applications of the complex interpolation method to a von Neumann algebra: Non-commutative $L_p$-spaces}},
Journal={{J. Funct. Anal.}},
Year={{1984}},
Volume={{56}},
Pages={{26-78}},
doi={https://doi.org/10.1016/0022-1236(84)90025-9}
}

@article{mullerhermes2017monotonicity,
  title={Monotonicity of the quantum relative entropy under positive maps},
  author={M{\"u}ller-Hermes, Alexander and Reeb, David},
  journal={Annales Henri Poincar{\'e}},
  volume={18},
  pages={1777--1788},
  year={2017},
  publisher={Springer},
  doi={doi.org/10.1007/s00023-017-0550-9}
}
@book{ohya1993quantum,
  title={Quantum Entropy and Its Use},
  author={Ohya, M. and Petz, D.},
  isbn={9783540548812},
  lccn={92029580},
  series={Lecture Notes in Computer Science},
  url={https://books.google.sk/books?id=-wlBAQAAIAAJ},
  year={1993},
  publisher={Springer-Verlag}
}


@article{lin2015investigating,
  title={Investigating properties of a family of quantum {R{\'e}nyi} divergences},
  author={Lin, Simon M and Tomamichel, Marco},
  journal={Quantum Information Processing},
  volume={14},
  number={4},
  pages={1501--1512},
  year={2015},
  publisher={Springer},
  doi={10.1007/s11128-015-0935-y}
}

@article{fawzi2023asymptotic,
  title={Asymptotic Equipartition Theorems in von {Neumann} algebras},
  author={Fawzi, Omar and Gao, Li and Rahaman, Mizanur},
  journal={arXiv preprint arXiv:2212.14700},
  year={2022}
}

@article{kato2023onrenyi,
  title={On $\alpha $-$ z $-{R}\'enyi divergence in the von {N}eumann algebra setting},
  author={Kato, Shinya},
  journal={arXiv preprint arXiv:2311.01748},
  year={2023}
}


@article{kosaki1984applicationsuc,
Author={H. Kosaki},
Title={{Applications of uniform convexity of noncommutative $L\sp{p}$-spaces}},
Journal={{Trans. Amer. Math. Soc.}},
Year={{1984}},
Volume={{283}},
Pages={{265-282}},
}


@book{zalinescu2002convex,
  title={Convex Analysis in General Vector Spaces},
  author={C. Zalinescu},
  year={2002},
  publisher={World scientific},
  address={Singapore}
}

@article{kato2023aremark,
  title={A remark on non-commutative {$L^p$}-spaces},
  author={Kato, Shinya and Ueda, Yoshimichi},
  journal={arXiv preprint arXiv:2307.01790},
  year={2023}
}
@article{junge2018universal,
  title={Universal recovery maps and approximate sufficiency of quantum relative entropy},
  author={Junge, Marius and Renner, Renato and Sutter, David and Wilde, Mark M and Winter, Andreas},
  journal={Annales Henri Poincar{\'e}},
  volume={19},
  number={10},
  pages={2955--2978},
  year={2018},
  publisher={Springer},
  doi={10.1007/s00023-018-0716-0}
}

@article{audenaert2015alpha,
  title={$\alpha$-z-{R{\'e}nyi} relative entropies},
  author={Audenaert, Koenraad MR and Datta, Nilanjana},
  journal={Journal of Mathematical Physics},
  volume={56},
  number={2},
  year={2015},
  publisher={AIP Publishing},
  doi={10.1063/1.4906367}
}

@book{beauzamy1982introduction,
  title={Introduction to Banach Spaces and their Geometry},
  author={Beauzamy, B.},
  isbn={9780080871790},
  series={Mathematics Studies},
  volume={68},
  year={1982},
  publisher={North-Holland, Amsterdam}
}


@article{faulkner2022approximate2,
  title={Approximate recoverability and relative entropy {II}: 2-positive channels of general von {Neumann} algebras},
  author={Faulkner, Thomas and Hollands, Stefan},
  journal={Letters in Mathematical Physics},
  volume={112},
  number={2},
  pages={26},
  year={2022},
  publisher={Springer},
  doi={10.1007/s11005-022-01510-9}
}
@article{wilde2014strong,
  title={Strong converse for the classical capacity of entanglement-breaking and {Hadamard channels via a sandwiched R{\'e}nyi} relative entropy},
  author={Wilde, Mark M and Winter, Andreas and Yang, Dong},
  journal={Communications in Mathematical Physics},
  volume={331},
  pages={593--622},
  year={2014},
  publisher={Springer},
  doi={10.1007/s00220-014-2122-x}
}


@article{jencova2017preservation,
  title={{Preservation of a quantum R{\'e}nyi relative entropy implies existence of a recovery map}},
  author={Jen{\v{c}}ov{\'a}, Anna},
  journal={Journal of Physics A},
  year={2017},
  volume={50},
  pages={085303},
  doi={10.1088/1751-8121/aa5661}
}


@article{ando1979concavity,
  title={Concavity of certain maps on positive definite matrices and applications to {Hadamard} products},
  author={Ando, Tsuyoshi},
  journal={Linear algebra and its applications},
  volume={26},
  pages={203--241},
  year={1979},
  publisher={Elsevier},
  doi={10.1016/0024-3795(79)90179-4}
}

@article{mosonyi2023thestrong,
  title={The strong converse exponent of discriminating infinite-dimensional quantum states},
  author={Mosonyi, Mil{\'a}n},
  journal={Communications in Mathematical Physics},
  volume={400},
  number={1},
  pages={83--132},
  year={2023},
  publisher={Springer},
  doi={10.1007/s00220-022-04598-1}
}


@article{jencova2021renyi,
  title={{R{\'e}nyi relative entropies and noncommutative $L_p$-spaces II}},
  author={Jen{\v{c}}ov{\'a}, Anna},
  journal={Annales Henri Poincar{\'e}},
  pages={3235–3254},
  volume={22},
  year={2021},
  doi={10.1007/s00023-021-01074-9}
}

@article{jencova2006sufficiency,
  title={Sufficiency in quantum statistical inference: A survey with examples},
  author={Jen{\v{c}}ov{\'a}, Anna and Petz, D{\'e}nes},
  journal={Infinite Dimensional Analysis, Quantum Probability and Related Topics},
  volume={9},
  number={03},
  pages={331--351},
  year={2006},
  publisher={World Scientific},
  doi={10.1142/S0219025706002408}
}
@article{choi1974aschwarz,
  title={{A Schwarz inequality for positive linear maps on $C$*-algebras}},
  author={Choi, Man-Duen},
  journal={Illinois Journal of Mathematics},
  volume={18},
  number={4},
  pages={565--574},
  year={1974},
  publisher={Duke University Press},
  doi={10.1215/ijm/1256051007}
}

@article{sutter2016strengthened,
  title={Strengthened monotonicity of relative entropy via pinched {Petz} recovery map},
  author={Sutter, David and Tomamichel, Marco and Harrow, Aram W},
  journal={IEEE Transactions on Information Theory},
  volume={62},
  number={5},
  pages={2907--2913},
  year={2016},
  publisher={IEEE},
  doi={10.1109/TIT.2016.2545680}
}


@article{zhang2020equality,
  journal={Journal of Mathematical Physics},
  title={Equality conditions of data processing inequality for $\alpha$-z {R}{\'e}nyi relative entropies},
  author={Zhang, Haonan},
  volume={61},
  number={10},
  year={2020},
  publisher={AIP Publishing},
  doi={10.1063/5.0022787}
}
@book{bergh1976interpolation,
  title     = {Interpolation spaces: An Introduction},
  author    = {Bergh, J. and J. L{\"o}fstr{\"o}m},
  year      = {1976},
  publisher = {Springer},
  address   = {Berlin}
}
@article{araki1976relative,
  title={Relative entropy of states of von {Neumann} algebras},
  author={Araki, Huzihiro},
  journal={Publications of the Research Institute for Mathematical Sciences},
  volume={11},
  number={3},
  pages={809--833},
  year={1976},
  publisher={Research Institute for Mathematical Sciences}
}
@article{calderon1964intermediate,
author = {Calderón, A.},
journal = {Studia Mathematica},
number = {2},
pages = {113-190},
title = {Intermediate spaces and interpolation, the complex method},
volume = {24},
year = {1964},
}
@article{fack1986generalized,
author = {Thierry Fack and Hideki Kosaki},
title = {{Generalized $s$-numbers of $\tau$-measurable operators.}},
volume = {123},
journal = {Pacific Journal of Mathematics},
number = {2},
publisher = {Pacific Journal of Mathematics, A Non-profit Corporation},
pages = {269 -- 300},
year = {1986},
}


@article{berta2018renyi,
  title={{R{\'e}nyi divergences as weighted non-commutative vector valued $L_p$-spaces}},
  author={M. Berta and V. B. Scholz and M. Tomamichel},
  journal={Annales Henri Poincar{\'e}},
  volume={19},
  pages={1843-1867},
  year={2018},
  doi={https://doi.org/10.48550/arXiv.1608.05317}
}

@article{haagerup2010areduction,
  title={{A reduction method for noncommutative $L_p$-spaces and applications}},
  author={Haagerup, Uffe and Junge, Marius and Xu, Quanhua},
  journal={Transactions of the American Mathematical Society},
  volume={362},
  number={4},
  pages={2125--2165},
  year={2010},
  doi={10.1090/S0002-9947-09-04935-6}
}

@article{faulkner2022approximate,
  title={Approximate recovery and relative entropy {I}: General von {Neumann} subalgebras},
  author={Faulkner, Thomas and Hollands, Stefan and Swingle, Brian and Wang, Yixu},
  journal={Communications in Mathematical Physics},
  volume={389},
  number={1},
  pages={349--397},
  year={2022},
  publisher={Springer},
  doi={10.1007/s00220-021-04143-6}
}

