@article{jencova2017preservation,
  title={{Preservation of a quantum R{\'e}nyi relative entropy implies existence of a recovery map}},
  author={Jen{\v{c}}ov{\'a}, Anna},
  journal={Journal of Physics A},
  year={2017},
  volume={50},
  pages={085303},
  doi={10.1088/1751-8121/aa5661}
}


@article{zhang2020fromwyd,
  title={{From Wigner-Yanase-Dyson conjecture to Carlen-Frank-Lieb conjecture}},
  author={Zhang, Haonan},
  journal={Advances in Mathematics},
  volume={365},
  pages={107053},
  year={2020},
  publisher={Elsevier},
  doi={10.1016/j.aim.2020.107053}
}

@article{junge2018universal,
  title={Universal recovery maps and approximate sufficiency of quantum relative entropy},
  author={Junge, Marius and Renner, Renato and Sutter, David and Wilde, Mark M and Winter, Andreas},
  journal={Annales Henri Poincar{\'e}},
  volume={19},
  number={10},
  pages={2955--2978},
  year={2018},
  publisher={Springer},
  doi={10.1007/s00023-018-0716-0}
}

@article{berta2018renyi,
  title={{R{\'e}nyi divergences as weighted non-commutative vector valued $L_p$-spaces}},
  author={M. Berta and V. B. Scholz and M. Tomamichel},
  journal={Annales Henri Poincar{\'e}},
  volume={19},
  pages={1843-1867},
  year={2018},
  doi={https://doi.org/10.48550/arXiv.1608.05317}
}

@article{jencova2021renyi,
  title={{R{\'e}nyi relative entropies and noncommutative $L_p$-spaces II}},
  author={Jen{\v{c}}ov{\'a}, Anna},
  journal={Annales Henri Poincar{\'e}},
  pages={3235‚Äì3254},
  volume={22},
  year={2021},
  doi={10.1007/s00023-021-01074-9}
}

@article{kosaki1984applications,
Author={H. Kosaki},
Title={{Applications of the complex interpolation method to a von Neumann algebra: Non-commutative $L_p$-spaces}},
Journal={{J. Funct. Anal.}},
Year={{1984}},
Volume={{56}},
Pages={{26-78}},
doi={https://doi.org/10.1016/0022-1236(84)90025-9}
}

@article{kato2023aremark,
}
@article{jencova2006sufficiency,
  title={Sufficiency in quantum statistical inference: A survey with examples},
  author={Jen{\v{c}}ov{\'a}, Anna and Petz, D{\'e}nes},
  journal={Infinite Dimensional Analysis, Quantum Probability and Related Topics},
  volume={9},
  number={03},
  pages={331--351},
  year={2006},
  publisher={World Scientific},
  doi={10.1142/S0219025706002408}
}
@article{petz1985quasi,
  title={Quasi-entropies for states of a von Neumann algebra},
  author={Petz, D{\'e}nes},
  journal={Publications of the Research Institute for Mathematical Sciences},
  volume={21},
  number={4},
  pages={787--800},
  year={1985}
}


@article{lin2015investigating,
  title={Investigating properties of a family of quantum R{\'e}nyi divergences},
  author={Lin, Simon M and Tomamichel, Marco},
  journal={Quantum Information Processing},
  volume={14},
  number={4},
  pages={1501--1512},
  year={2015},
  publisher={Springer},
  doi={10.1007/s11128-015-0935-y}
}

@article{mosonyi2023thestrong,
  title={The strong converse exponent of discriminating infinite-dimensional quantum states},
  author={Mosonyi, Mil{\'a}n},
  journal={Communications in Mathematical Physics},
  volume={400},
  number={1},
  pages={83--132},
  year={2023},
  publisher={Springer},
  doi={10.1007/s00220-022-04598-1}
}


@article{haagerup2010areduction,
  title={{A reduction method for noncommutative ùêø\_ $\{$ùëù$\}$-spaces and applications}},
  author={Haagerup, Uffe and Junge, Marius and Xu, Quanhua},
  journal={Transactions of the American Mathematical Society},
  volume={362},
  number={4},
  pages={2125--2165},
  year={2010},
  doi={10.1090/S0002-9947-09-04935-6}
}


@article{jencova2018renyi,
  title={{R{\'e}nyi relative entropies and noncommutative $L_p$-spaces}},
  author={Jen{\v c}ov{\'a}, Anna},
  journal={Annales Henri Poincar{\'e}},
  volume={19},
  pages={2513-2542},
  year={2018},
  doi={10.1007/s00023-018-0683-5}
}

@article{junge2003noncommutative,
  title={Noncommutative {B}urkholder/{R}osenthal inequalities},
  author={M. Junge and Q. Xu},
  journal={The Annals of Probability},
  volume={31},
  number={2},
  pages={948--995},
  year={2003},
  publisher={Institute of Mathematical Statistics}
} 


@article{audenaert2015alpha,
  title={$\alpha$-z-R{\'e}nyi relative entropies},
  author={Audenaert, Koenraad MR and Datta, Nilanjana},
  journal={Journal of Mathematical Physics},
  volume={56},
  number={2},
  year={2015},
  publisher={AIP Publishing},
  doi={10.1063/1.4906367}
}

@article{gu2019interpolation,
  title={{Interpolation of quasi noncommutative $L_p$-spaces}},
  author={J. Gu and Z. Yin and H. Zhang},
  journal={arXiv:1905.08491},
  year={2019}
}
@article{hiai2021quantum,
  title={Quantum R{\'e}nyi divergences and the strong converse exponent of state discrimination in operator algebras},
  author={Hiai, Fumio and Mosonyi, Mil{\'a}n},
  journal={arXiv preprint arXiv:2110.07320},
  year={2021}
}
@article{sutter2016strengthened,
  title={Strengthened monotonicity of relative entropy via pinched {Petz} recovery map},
  author={Sutter, David and Tomamichel, Marco and Harrow, Aram W},
  journal={IEEE Transactions on Information Theory},
  volume={62},
  number={5},
  pages={2907--2913},
  year={2016},
  publisher={IEEE},
  doi={10.1109/TIT.2016.2545680}
}


@article{fack1986generalized,
author = {Thierry Fack and Hideki Kosaki},
title = {{Generalized $s$-numbers of $\tau$-measurable operators.}},
volume = {123},
journal = {Pacific Journal of Mathematics},
number = {2},
publisher = {Pacific Journal of Mathematics, A Non-profit Corporation},
pages = {269 -- 300},
year = {1986},
}


@article{wilde2015recoverability,
  title={Recoverability in quantum information theory},
  author={Wilde, Mark M},
  journal={Proceedings of the Royal Society A: Mathematical, Physical and Engineering Sciences},
  volume={471},
  number={2182},
  pages={20150338},
  year={2015},
  publisher={The Royal Society Publishing},
  doi={10.1098/rspa.2015.0338}
}


@article{kato2023onrenyi,
  title={On $\alpha $-$ z $-{R}\'enyi divergence in the von {N}eumann algebra setting},
  author={Kato, Shinya},
  journal={arXiv preprint arXiv:2311.01748},
  year={2023}
}


@article{jencova2006sufficiencyfirst,
  title={Sufficiency in Quantum Statistical Inference},
  author={Jen{\v c}ov{\'a}, Anna  and Petz, D{\'e}nes},
  journal={Communications in Mathematical Physics},
  year={2006},
  volume={263},
  pages={259-276},
  doi={10.1007/s00220-005-1510-7}
}
@article{petz1988sufficiency,
  title={Sufficiency of channels over von {Neumann} algebras},
  author={Petz, D{\'e}nes},
  journal={The Quarterly Journal of Mathematics},
  volume={39},
  number={1},
  pages={97--108},
  year={1988},
  publisher={Oxford University Press},
  doi={10.1093/qmath/39.1.97}
}
@article{petz1986sufficient,
  title={Sufficient subalgebras and the relative entropy of states of a von {Neumann} algebra},
  author={Petz, D{\'e}nes},
  journal={Communications in Mathematical Physics},
  volume={105},
  number={1},
  pages={123--131},
  year={1986},
  publisher={Springer},
  doi={10.1007/BF01212345}
}

@article{petz1986quasi,
  title={Quasi-entropies for finite quantum systems},
  author={Petz, D{\'e}nes},
  journal={Reports on Mathematical Physics},
  volume={23},
  number={1},
  pages={57--65},
  year={1986},
  publisher={Elsevier}
}


@BOOK{takesaki2002theory1,
  AUTHOR = {Takesaki, M.},
  TITLE = {Theory of Operator Algebras. {I}},
  SERIES = {Encyclopaedia of Mathematical Sciences},
  VOLUME = {124},
  NOTE = {Reprint of the first (1979) edition},
  PUBLISHER = {Springer-Verlag},
  ADDRESS = {Berlin},
  YEAR = {2002},
  ISBN = {3-540-42248-X},
  doi={10.1007/978-1-4612-6188-9}
  }

@BOOK{takesaki2003theory2,
  AUTHOR = {Takesaki, M.},
  TITLE = {Theory of Operator Algebras. {II}},
  SERIES = {Encyclopaedia of Mathematical Sciences},
  VOLUME = {125},
  PUBLISHER = {Springer-Verlag},
  ADDRESS = {Berlin},
  YEAR = {2003},
  ISBN = {3-540-42914-X},
  doi={10.1007/978-3-662-10451-4}
}

@BOOK{takesaki2003theory3,
  AUTHOR = {Takesaki, M.},
  TITLE = {Theory of Operator Algebras. {III}},
  SERIES = {Encyclopaedia of Mathematical Sciences},
  VOLUME = {127},
  PUBLISHER = {Springer-Verlag},
  ADDRESS = {Berlin},
  YEAR = {2003},
  ISBN = {3-540-42913-1},
  doi={10.1007/978-3-662-10453-8}
}


