@article{jencova2017preservation,
  title={{Preservation of a quantum R{\'e}nyi relative entropy implies existence of a recovery map}},
  author={Jen{\v{c}}ov{\'a}, Anna},
  journal={Journal of Physics A},
  year={2017},
  volume={50},
  pages={085303}
}


