
@article{jencova2006sufficiency,
  title={Sufficiency in quantum statistical inference: A survey with examples},
  author={Jen{\v{c}}ov{\'a}, Anna and Petz, D{\'e}nes},
  journal={Infinite Dimensional Analysis, Quantum Probability and Related Topics},
  volume={9},
  number={03},
  pages={331--351},
  year={2006},
  publisher={World Scientific}
}
