@book{hiai2021lectures,
  title={Lectures on Selected Topics in von Neumann Algebras},
  author={Hiai, Fumio},
  year={2021},
  publisher={EMS Press},
  address={Berlin},
  doi={10.4171/ELM/32}
}

