@article{jencova2024recoverability,
author={Jen{\v c}ov{\'a}, Anna},
title={Recoverability of quantum channels via hypothesis testing},
Journal={Letters in  Mathematical  Physics},
volume={114},
Article-number={31},
year={2024},
doi={10.1007/s11005-024-01775-2}

