@article{batkai2012decomposition,
	author={Bátkai, Andras and  Groh, Ulrich and Kunszenti-Kovács, Dávid and Schreiber, Marco},
	title={Decomposition of operator semigroups on W*-algebras},
	year={2012},
	journal={Semigroup Forum}
	volume={84}, 
	pages={8-24}, 
	doi={10.1007/s00233-011-9362-2}
}
