@article{regev2015quantum,
  title={Quantum XOR games},
  author={Regev, Oded and Vidick, Thomas},
  journal={ACM Transactions on Computation Theory (ToCT)},
  volume={7},
  number={4},
  pages={1--43},
  year={2015},
  publisher={ACM New York, NY, USA},
  doi={10.1145/2799560}
}

