@article{shirokov2013reversibility,
  title={Reversibility conditions for quantum channels and their applications},
  author={Shirokov, Maksim E.},
  journal={Sbornik: Mathematics},
  volume={204},
  number={8},
  pages={1215},
  year={2013},
  publisher={IOP Publishing},
  doi={10.1070/SM2013v204n08ABEH004337}
}

