@article{kato2023aremark,
}