@article{foulis2017aloomissikorski,
	authors={J. D. Foulis,},
	year={2017},
	journal={Reports on Mathematical Physics, 80(2), 255-275},
}