@misc{liu2019operational,
    title={Operational Resource Theory of Quantum Channels},
    author={Yunchao Liu and Xiao Yuan},
    year={2019},
    eprint={arxiv:1904.02680},
}

