@article{choi1974aschwarz,
  title={{A Schwarz inequality for positive linear maps on $C$*-algebras}},
  author={Choi, Man-Duen},
  journal={Illinois Journal of Mathematics},
  volume={18},
  number={4},
  pages={565--574},
  year={1974},
  publisher={Duke University Press},
  doi={10.1215/ijm/1256051007}
}

