@misc{nagaoka2006converse,
  title={The converse part of the theorem for quantum Hoeffding bound},
  author={Nagaoka, Hiroshi},
  howpublished={arXiv preprint quant-ph/0611289},
  year={2006},
  doi={10.48550/arXiv.quant-ph/0611289}
}


