@article{leditzky2017data,
  title={Data processing for the sandwiched R{\'e}nyi divergence: a condition for equality},
  author={Leditzky, Felix and Rouz{\'e}, Cambyse and Datta, Nilanjana},
  journal={Letters in Mathematical Physics},
  volume={107},
  number={1},
  pages={61--80},
  year={2017},
  publisher={Springer}
}

