@book{alfsen2003geometry,
Author={E. M. Alfsen and F. W. Shultz},
Title={{Geometry of State Spaces of Operator Algebras}},
Publisher={{Birkh Ìˆauser}},
Address={{Boston}},
Year={{2003}},
doi={{10.1007/978-0-387-68276-1}}
}


