@misc{jencova2020ageneral,
    title={A general theory of comparison of quantum channels (and beyond)},
    author={Anna Jen\v{c}ov\'{a}},
    year={2020},
    howpublished={2002.04240},
    
}

