@article{foulis2005compression,
  title={Compression bases in unital groups},
  author={Foulis, David J},
  journal={International Journal of Theoretical Physics},
  volume={44},
  number={12},
  pages={2191--2198},
  year={2005},
  publisher={Springer}
}

