@article{jencova2019tensor,
  title={Tensor product of dimension effect algebras},
  author={Jencova, Anna and Pulmannova, Sylvia},
  journal={arXiv preprint arXiv:1902.11031},
  year={2019}
}

