@article{gour2019comparison,
  title={Comparison of quantum channels by superchannels},
  author={Gour, Gilad},
  journal={IEEE Transactions on Information Theory},
  volume={65},
  number={9},
  pages={5880--5904},
  year={2019},
  publisher={IEEE}
}

