@article{jencova2003affine,
	authors={A. Jencova,},
	year={2003},
	journal={arXiv preprint math-ph/0311004},
}