@article{kuramochi2017minimal,
  title={Minimal sufficient statistical experiments on von Neumann algebras},
  author={Yui Kuramochi},
  journal={Journal of Mathematical Physics},
  year={2017},
  volume={58},
  pages={062203}
}
