@article{hawking2017superrotation,
	authors={W. S. Hawking,},
	year={2017},
	journal={Journal of High Energy Physics, 2017(5), 1-33},
}