@article{jencova2010thestructure,
  title={The structure of strongly additive states and Markov triplets on the CAR algebra},
  author={Jen{\v{c}}ov{\'a}, Anna},
  journal={Journal of mathematical physics},
  volume={51},
  number={11},
  pages={112103},
  year={2010},
  publisher={American Institute of Physics}
}

