@article{jencova2004generalized,
  title={Generalized relative entropies as contrast functionals on density matrices},
  author={Jencov{\'a}, Anna},
  journal={International Journal of Theoretical Physics},
  volume={43},
  number={7},
  pages={1635--1650},
  year={2004},
  publisher={New York [etc.] Plenum Press.}
}

