@article{fang2020nogo,
  title={No-go theorems for quantum resource purification},
  author={Fang, Kun and Liu, Zi-Wen},
  journal={Physical Review Letters},
  volume={125},
  number={6},
  pages={060405},
  year={2020},
  publisher={APS}
}

