
@article{cirillo2015decompositions,
  title={Decompositions of Hilbert spaces, stability analysis and convergence probabilities for discrete-time quantum dynamical semigroups},
  author={Cirillo, Giuseppe Ilario and Ticozzi, Francesco},
  journal={Journal of Physics A: Mathematical and Theoretical},
  volume={48},
  number={8},
  pages={085302},
  year={2015},
  publisher={IOP Publishing}
}

