@article{mosonyi2015quantum,
  title={Quantum hypothesis testing and the operational interpretation of the quantum R{\'e}nyi relative entropies},
  author={Mosonyi, Mil{\'a}n and Ogawa, Tomohiro},
  journal={Communications in Mathematical Physics},
  volume={334},
  pages={1617--1648},
  year={2015},
  publisher={Springer},
  doi={10.1007/s00220-014-2248-x}
}

