@article{jencova2008sharp,
  title={Sharp and fuzzy observables on effect algebras},
  author={Jen{\v{c}}ov{\'a}, A and Pulmannov{\'a}, S and Vincekov{\'a}, E},
  journal={International Journal of Theoretical Physics},
  volume={47},
  number={1},
  pages={125--148},
  year={2008},
  publisher={Springer}
}

