@book{ekeland1999convex,
  title={Convex Analysis and Variational Problems},
  author={Ekeland, Ivar and Temam, Roger},
  volume={28},
  year={1999},
  publisher={SIAM},
  address={New York}
}
