@article{masanes2011derivation,
  title={A derivation of quantum theory from physical requirements},
  author={Masanes, Llu{\'\i}s and M{\"u}ller, Markus P},
  journal={New Journal of Physics},
  volume={13},
  number={6},
  pages={063001},
  year={2011},
  publisher={IOP Publishing}
}

