@article{ando1979concavity,
  title={Concavity of certain maps on positive definite matrices and applications to {Hadamard} products},
  author={Ando, Tsuyoshi},
  journal={Linear algebra and its applications},
  volume={26},
  pages={203--241},
  year={1979},
  publisher={Elsevier},
  doi={10.1016/0024-3795(79)90179-4}
}

