@article{fawzi2021defining,
  title={Defining quantum divergences via convex optimization},
  author={Fawzi, Hamza and Fawzi, Omar},
  journal={Quantum},
  volume={5},
  pages={387},
  year={2021},
  publisher={Verein zur F{\"o}rderung des Open Access Publizierens in den Quantenwissenschaften},
  doi={10.22331/q-2021-01-26-387}
}
