@article{jaksic2011entropic,
}