@article{vanrietvelde2020routed,
   title={Routed quantum circuits},
   volume={5},
   ISSN={2521-327X},
   url={http://dx.doi.org/10.22331/q-2021-07-13-503},
   DOI={10.22331/q-2021-07-13-503},
   journal={Quantum},
   publisher={Verein zur Forderung des Open Access Publizierens in den Quantenwissenschaften},
   author={Vanrietvelde, Augustin and Kristjánsson, Hlér and Barrett, Jonathan},
   year={2021},
   month=jul, pages={503} 
   }
