@article{arveson2007theasymptotic,
   title={The asymptotic lift of a completely positive map},
   volume={248},
   ISSN={0022-1236},
   url={http://dx.doi.org/10.1016/j.jfa.2006.11.014},
   DOI={10.1016/j.jfa.2006.11.014},
   number={1},
   journal={Journal of Functional Analysis},
   publisher={Elsevier BV},
   author={Arveson, William},
   year={2007},
   month={Jul},
   pages={202â€“224}
}

