@article{takagi2019general,
  title={General resource theories in quantum mechanics and beyond: operational characterization via discrimination tasks},
  author={Takagi, Ryuji and Regula, Bartosz},
  journal={arXiv preprint arXiv:1901.08127},
  year={2019}
}

