@article{zjawin2021quantifying,
	authors={B. Zjawin,},
	year={2021},
	journal={arXiv preprint arXiv:2111.10244},
}