@article{bluhm2020compatibility,
  title={Compatibility of quantum measurements and inclusion constants for the matrix jewel},
  author={Bluhm, Andreas and Nechita, Ion},
  journal={SIAM Journal on Applied Algebra and Geometry},
  volume={4},
  number={2},
  pages={255--296},
  year={2020},
  publisher={SIAM}
}

