@article{baez2011acharacterization,
author={J. C. Baez and  T. Fritz and T. Leinster},
title={A Characterization of Entropy in Terms of Information Loss},
journal={Entropy},
volume={13},
year={2011}
pages={1945-1957}
}


 	
