@article{kosaki1984applicationsuc,
Author={H. Kosaki},
Title={{Applications of uniform convexity of noncommutative $L\sp{p}$-spaces}},
Journal={{Trans. Amer. Math. Soc.}},
Year={{1984}},
Volume={{283}},
Pages={{265-282}},
}


