@inproceedings{matsumoto2015anew,
  title={A new quantum version of $f$-divergence},
  author={Matsumoto, Keiji},
  booktitle={Nagoya Winter Workshop: Reality and Measurement in Algebraic Quantum Theory},
  pages={229--273},
  year={2015},
  organization={Springer}
}

