@article{alfsen1979onnoncommutative,
  title={On Non-Commutative Spectral Theory and Jordan Algebras},
  author={Alfsen, Erik M and Shultz, Frederic W},
  journal={Proceedings of the London Mathematical Society},
  volume={3},
  number={3},
  pages={497--516},
  year={1979},
  publisher={Wiley Online Library}
}

