@article{jencova2006relation,
  title={A relation between completely bounded norms and conjugate channels},
  author={Jen{\v{c}}ov{\'a}, Anna},
  journal={Communications in Mathematical Physics},
  volume={266},
  number={1},
  pages={65--70},
  year={2006},
  publisher={Springer}
}
