@article{petz1986sufficient,
  title={Sufficient subalgebras and the relative entropy of states of a von Neumann algebra},
  author={Petz, D{\'e}nes},
  journal={Communications in mathematical physics},
  volume={105},
  number={1},
  pages={123--131},
  year={1986},
  publisher={Springer}
}

