@book{goldstein2020notes,
  title={Notes on noncommutative Lp and Orlicz spaces},
  author={Goldstein, Stanis{\l}aw and Labuschagne, Louis},
  year={2020},
  publisher={Wydawnictwo Uniwersytetu {\L}{\'o}dzkiego}
}
