@article{fawzi2022asymptotic,
}