@article{jenvcova2021spectral,
  title={Spectral resolutions in effect algebras},
  author={Jen{\v{c}}ov{\'a}, Anna and Pulmannov{\'a}, Sylvia},
  journal={arXiv preprint arXiv:2111.02166},
  year={2021}
}