@article{reeb2011hilbert,
  title={Hilbert's projective metric in quantum information theory},
  author={Reeb, David and Kastoryano, Michael J and Wolf, Michael M},
  journal={Journal of Mathematical Physics},
  volume={52},
  number={8},
  pages={082201},
  year={2011},
  publisher={American Institute of Physics},
  doi={10.1063/1.3615729},
}
