@article{cena2007exponential,
  title={Exponential statistical manifold},
  author={Cena, Alberto and Pistone, Giovanni},
  journal={Annals of the Institute of Statistical Mathematics},
  volume={59},
  number={1},
  pages={27--56},
  year={2007},
  publisher={Springer},
  doi={https://doi.org/10.1007/s10463-006-0096-y}
}
