@article{ruskai2002inequalities,
  title={Inequalities for quantum entropy: A review with conditions for equality},
  author={Ruskai, Mary Beth},
  journal={Journal of Mathematical Physics},
  volume={43},
  number={9},
  pages={4358--4375},
  year={2002},
  publisher={American Institute of Physics},
  doi={10.1063/1.1497701}
}


