@article{foulis2009generalized,
	authors={J. D. Foulis,},
	year={2009},
	journal={International Journal of Theoretical Physics, 48(5), 1320-1333},
}