@article{audenaert2008asymptotic,
  title={Asymptotic error rates in quantum hypothesis testing},
  author={Audenaert, Koenraad MR and Nussbaum, Michael and Szko{\l}a, Arleta and Verstraete, Frank},
  journal={Communications in Mathematical Physics},
  volume={279},
  pages={251--283},
  year={2008},
  publisher={Springer},
 doi={10.1007/s00220-008-0417-5}
}
