@article{fritz2023abstract,
   title={Abstract Vergleichsstellensätze for Preordered Semifields and Semirings I},
   volume={7},
   ISSN={2470-6566},
   url={http://dx.doi.org/10.1137/22M1498413},
   DOI={10.1137/22m1498413},
   number={2},
   journal={SIAM Journal on Applied Algebra and Geometry},
   publisher={Society for Industrial & Applied Mathematics (SIAM)},
   author={Fritz, Tobias},
   year={2023},
   month=jun, 
   pages={505–547} 
   }

