@article{milz2021resource,
   title={Resource theory of causal connection},
   volume={6},
   ISSN={2521-327X},
   url={http://dx.doi.org/10.22331/q-2022-08-25-788},
   DOI={10.22331/q-2022-08-25-788},
   journal={Quantum},
   publisher={Verein zur Forderung des Open Access Publizierens in den Quantenwissenschaften},
   author={Milz, Simon and Bavaresco, Jessica and Chiribella, Giulio},
   year={2022},
   month=aug, pages={788} 
   }
