@article{hiai1988minimizing,
  title={Minimizing indices of conditional expectations onto a subfactor},
  author={Hiai, Fumio},
  journal={Publications of the Research Institute for Mathematical Sciences},
  volume={24},
  number={4},
  pages={673--678},
  year={1988},
  publisher={Research Institute forMathematical Sciences}
}

