@article{audenaert2007discriminating,
  title={Discriminating states: The quantum Chernoff bound},
  author={Audenaert, Koenraad MR and Calsamiglia, John and Munoz-Tapia, Ram{\'o}n and Bagan, Emilio and Masanes, Ll and Acin, Antonio and Verstraete, Frank},
  journal={Physical review letters},
  volume={98},
  number={16},
  pages={160501},
  year={2007},
  publisher={APS},
  doi={10.1103/PhysRevLett.98.160501}
}


