@article{jencova2016conditions,
  title={Conditions for optimal input states for discrimination of quantum channels},
  author={Jen{\v{c}}ov{\'a}, Anna and Pl{\'a}vala, Martin},
  journal={Journal of Mathematical Physics},
  volume={57},
  number={12},
  pages={122203},
  year={2016},
  publisher={AIP Publishing LLC}
}

