@article{jencova2018incompatible,
  title={Incompatible measurements in a class of general probabilistic theories},
  author={Jen{\v{c}}ov{\'a}, Anna},
  journal={Physical Review A},
  volume={98},
  number={1},
  pages={012133},
  year={2018},
  publisher={APS}
}


@misc{jencova2017nonclassical,
  title={Non-classical features in general probabilistic theories},
  author={Jen{\v{c}}ov\'a, Anna},
  howpublished={arxiv:1705.08008v1}
}
