@article{araki1976relative,
  title={Relative entropy of states of von {Neumann} algebras},
  author={Araki, Huzihiro},
  journal={Publications of the Research Institute for Mathematical Sciences},
  volume={11},
  number={3},
  pages={809--833},
  year={1976},
  publisher={Research Institute for Mathematical Sciences}
}
