@article{wilde2014strong,
  title={Strong converse for the classical capacity of entanglement-breaking and {Hadamard channels via a sandwiched R{\'e}nyi} relative entropy},
  author={Wilde, Mark M and Winter, Andreas and Yang, Dong},
  journal={Communications in Mathematical Physics},
  volume={331},
  pages={593--622},
  year={2014},
  publisher={Springer},
  doi={10.1007/s00220-014-2122-x}
}


