
@article{jencova2023theexponential,
  title={{The exponential Orlicz space in quantum information geometry}},
  author={Jen{\v c}ov{\' a}, Anna},
  journal={Information Geometry},
  volume={},
  pages={},
  Article-number={},
  year={2023},
  doi={10.1007/s41884-023-00097-x}
}

