
@article{dahl1999majorization,
  title={{Matrix majorization}},
  author={G. Dahl},
  journal={ Linear Algebra and its Applications},
  volume={288},
  pages={53-73},
  year={1999}
}





