@article{alberti1980aproblem,
title = "A problem relating to positive linear maps on matrix algebras",
journal = "Reports on Mathematical Physics",
volume = "18",
number = "2",
pages = "163 - 176",
year = "1980",
issn = "0034-4877",
doi = "https://doi.org/10.1016/0034-4877(80)90083-X",
url = "http://www.sciencedirect.com/science/article/pii/003448778090083X",
author = "P.M. Alberti and A. Uhlmann",
}

