@misc{fritz2022abstractvergleichsstellensatzepreorderedsemifields,
      title={Abstract Vergleichsstellens\"atze for preordered semifields and semirings II}, 
      author={Tobias Fritz},
      year={2022},
      eprint={2112.05949},
      archivePrefix={arXiv},
      primaryClass={math.AC},
      url={https://arxiv.org/abs/2112.05949}, 
}
