@article{chiribella2008memory,
   title={Memory Effects in Quantum Channel Discrimination},
   volume={101},
   ISSN={1079-7114},
   url={http://dx.doi.org/10.1103/PhysRevLett.101.180501},
   DOI={10.1103/physrevlett.101.180501},
   number={18},
   journal={Physical Review Letters},
   publisher={American Physical Society (APS)},
   author={Chiribella, Giulio and Dâ€™Ariano, Giacomo M. and Perinotti, Paolo},
   year={2008},
   month=oct 
   }
