@article{Jencov2010AUT,
  title={A UNIFIED TREATMENT OF CONVEXITY OF RELATIVE ENTROPY AND RELATED TRACE FUNCTIONS, WITH CONDITIONS FOR EQUALITY},
  author={A. Jencov{\'a} and M. B. Ruskai},
  journal={Reviews in Mathematical Physics},
  year={2010},
  volume={22},
  pages={1099-1121}
}