@article{buscemi2005clean,
   title={Clean positive operator valued measures},
   volume={46},
   ISSN={1089-7658},
   url={http://dx.doi.org/10.1063/1.2008996},
   DOI={10.1063/1.2008996},
   number={8},
   journal={Journal of Mathematical Physics},
   publisher={AIP Publishing},
   author={Buscemi, Francesco and Keyl, Michael and Dâ€™Ariano, Giacomo Mauro and Perinotti, Paolo and Werner, Reinhard F.},
   year={2005},
   month={Aug},
   pages={082109}
}

