@article{jenca2017anoteon,
}