@article{jencova2019onthestructure,
  title={On the structure of quantum and classical implementations of Popescu-Rohrlich box},
  author={Jen{\v{c}}ov{\'a}, Anna and Pl{\'a}vala, Martin},
  journal={arXiv preprint arXiv:1907.08933},
  year={2019}
}

