@article{guta2007local,
  title={Local asymptotic normality in quantum statistics},
  author={Gu{\c{t}}{\u{a}}, M{\u{a}}d{\u{a}}lin and Jen{\v{c}}ov{\'a}, Anna},
  journal={Communications in Mathematical Physics},
  volume={276},
  number={2},
  pages={341--379},
  year={2007},
  publisher={Springer}
}

