
@article{carbone2020onperiod,
  title={{On period, cycles and fixed points of a quantum channel}},
  author={Raffaella Carbone and  Anna Jenčová},
  journal={Annales Henri Poincaré},
  volume={21},
  pages={155–188},
  year={2020},
  doi={https://doi.org/10.1007/s00023-019-00861-9}
}


