@article{grumm1973two,
  title={Two theorems about $C_p$},
  author={Gr{\"u}mm, HR},
  journal={Reports on Mathematical Physics},
  volume={4},
  number={3},
  pages={211--215},
  year={1973},
  publisher={Elsevier},
  doi={10.1016/0034-4877(73)90026-8}
}
