@inproceedings{Capela2021PreprocessingOA,
  title={Preprocessing operations and the reverse compression},
  author={M. Capela and F. Costa},
  year={2021}
}