@article{Westerbaan2020TheTT,
  title={The three types of normal sequential effect algebras},
  author={A. Westerbaan and B. Westerbaan and J. V. D. Wetering},
  journal={arXiv: Quantum Physics},
  year={2020}
}