@article{Frigerio1982,
author = {Frigerio, Alberto, Verri, Maurizio},
journal = {Mathematische Zeitschrift},
keywords = {dynamical semigroup; Cesaro limit; T-invariant states; approach to equilibrium; ergodic theorem},
pages = {275-286},
title = {Long-Time Asymptotic Properties of Dynamical Semigroups on W*-algebras.},
url = {http://eudml.org/doc/173188},
volume = {180},
year = {1982},
}

