
@article{gheondea2018symmetries,
  title={{Symmetries versus concervation laws in dynamical quantrum systems: a unifying approach through propagation of fixed points}},
  author={A. Gheondea},
  journal={Annales Henri Poincar\'e},
  volume={19},
  pages={1787 - 1816},
  year={2018}
}

 

