@book{bergh1976interpolation,
  title     = {Interpolation spaces: An Introduction},
  author    = {Bergh, J. and J. L{\"o}fstr{\"o}m},
  year      = {1976},
  publisher = {Springer},
  address   = {Berlin}
}
