@book{wilde_2017, 
address={Cambridge}, 
edition={2},
title={Quantum Information Theory}, 
DOI={10.1017/9781316809976}, 
publisher={Cambridge University Press}, 
author={Wilde, Mark M.}, 
year={2017}
}
