@article{wetering2018three,
  title={Three characterisations of the sequential product},
  author={van de Wetering, John},
  journal={Journal of Mathematical Physics},
  volume={59},
  number={8},
  pages={082202},
  year={2018},
  publisher={AIP Publishing LLC},
  doi={10.1063/1.5031089}
}
