@article{kissinger2019categorical,
  title={A categorical semantics for causal structure},
  author={Kissinger, Aleks and Uijlen, Sander},
  journal={Logical Methods in Computer Science},
  volume={15},
  year={2019},
  publisher={Episciences. org},
  doi = {10.23638/LMCS-15%283%3A15%292019}
}
