@inproceedings{Jenvca2015BlocksOH,
  title={Blocks of homogeneous effect algebras},
  author={Gejza Jenvca},
  year={2015}
}