@article{Jencov2010QuantumHT,
  title={Quantum Hypothesis Testing and Sufficient Subalgebras},
  author={A. Jencov{\'a}},
  journal={Letters in Mathematical Physics},
  year={2010},
  volume={93},
  pages={15-27}
}