@article{wilde2015recoverability,
  title={Recoverability in quantum information theory},
  author={Wilde, Mark M},
  journal={Proceedings of the Royal Society A: Mathematical, Physical and Engineering Sciences},
  volume={471},
  number={2182},
  pages={20150338},
  year={2015},
  publisher={The Royal Society Publishing},
  doi={10.1098/rspa.2015.0338}
}


