@article{hayashi2007error,
  title={Error exponent in asymmetric quantum hypothesis testing and its application to classical-quantum channel coding},
  author={Hayashi, Masahito},
  journal={Physical Review A},
  volume={76},
  number={6},
  pages={062301},
  year={2007},
  publisher={APS},
  doi={10.1103/PhysRevA.76.062301}
}

