@article{Mosonyi2014StrongCE,
  title={Strong Converse Exponent for Classical-Quantum Channel Coding},
  author={Mil{\'a}n Mosonyi and Tomohiro Ogawa},
  journal={Communications in Mathematical Physics},
  year={2014},
  volume={355},
  pages={373-426}
}