@article{carbone2021generalized,
  title={On a generalized Central Limit Theorem and Large Deviations for Homogeneous Open Quantum Walks},
  author={Carbone, Raffaella and Girotti, Federico and Hernandez, Anderson Melchor},
  journal={arXiv preprint arXiv:2107.03935},
  year={2021}
}