@article{Stormer1979,
author = {Stormer, Erling, Effros, Edward G.},
journal = {Mathematica Scandinavica},
keywords = {JB algebra; JC algebra; Jordan algebra; JW-algebra; JW-factor},
pages = {127-138},
title = {Positive projections and Jordan structure in operator algebras.},
url = {http://eudml.org/doc/166668},
volume = {45},
year = {1979},
doi={10.7146/math.scand.a-11830}
}
