@article{gu2019interpolation,
  title={Interpolation of quasi noncommutative $ L\_p $-spaces},
  author={Gu, Juan and Yin, Zhi and Zhang, Haonan},
  journal={arXiv preprint arXiv:1905.08491},
  year={2019}
}
