@article{hiai2021quantum,
  title={Quantum R{\'e}nyi divergences and the strong converse exponent of state discrimination in operator algebras},
  author={Hiai, Fumio and Mosonyi, Mil{\'a}n},
  journal={arXiv preprint arXiv:2110.07320},
  year={2021}
}
