
@article{jencova2018renyi,
  title={{R{\'e}nyi relative entropies and noncommutative $L_p$-spaces}},
  author={A. Jen{\v c}ov{\'a}},
  journal={Annales Henri Poincar{\'e}},
  volume={19},
  pages={2513-2542},
  year={2018}
}
