@article{ogawa2000strong,
  title={Strong converse and Stein's lemma in quantum hypothesis testing},
  author={Ogawa, Tomohiro and Nagaoka, Hiroshi},
  journal={IEEE Transactions on Information Theory},
  volume={46},
  number={7},
  pages={2428--2433},
  year={2000},
  publisher={IEEE},
  doi={10.1142/9789812563071_0003}
}
