@article{lecam1964sufficiency,
author = "L. {Le Cam}",
doi = "10.1214/aoms/1177700372",
fjournal = "The Annals of Mathematical Statistics",
journal = "Ann. Math. Statist.",
month = "12",
number = "4",
pages = "1419--1455",
publisher = "The Institute of Mathematical Statistics",
title = "Sufficiency and Approximate Sufficiency",
url = "https://doi.org/10.1214/aoms/1177700372",
volume = "35",
year = "1964"
}

