
@InProceedings{renyi1961onmeasures,
author = {A. R\'enyi},
title = {On measures of information and entropy},
booktitle = {Proc. Symp. on Math., Stat. and Probability},
year = 1961,
publisher = {University of California Press},
pages = {547â€“561},
}


