@article{jenca2017twomonads,
}