@article{krasnoselskij1961convex,
  title={Convex functions and Orlicz spaces},
  author={Krasnoselskij, M. A. and Y. B. Rutickij},
  journal={Noordhoff, Gr{\"o}ningen},
  year={1961}
}
