@article{donald1990relative,
  title={Relative Hamiltonians which are not bounded from above},
  author={Donald, Matthew J},
  journal={Journal of functional analysis},
  volume={91},
  number={1},
  pages={143--173},
  year={1990},
  publisher={Elsevier},
  doi={https://doi.org/10.1016/0022-1236(90)90050-U}
}
