@article{apadula2022no,
  title={No-signalling constrains quantum computation with indefinite causal structure},
  author={Apadula, Luca and Bisio, Alessandro and Perinotti, Paolo},
  journal={arXiv preprint arXiv:2202.10214},
  year={2022}
}
