
@article{passer2018minimal,
  title={Minimal and maximal matrix convex sets},
  author={Passer, Benjamin and Shalit, Orr Moshe and Solel, Baruch},
  journal={Journal of Functional Analysis},
  volume={274},
  number={11},
  pages={3197--3253},
  year={2018},
  publisher={Elsevier}
}

