@inproceedings{blackwell1951comparison,
address = "Berkeley, Calif.",
author = "Blackwell, David",
booktitle = "Proceedings of the Second Berkeley Symposium on Mathematical Statistics and Probability",
pages = "93--102",
publisher = "University of California Press",
title = "Comparison of Experiments",
url = "https://projecteuclid.org/euclid.bsmsp/1200500222",
year = "1951"
}

@article{blackwell1953comparison,
author = {David Blackwell},
title = {{Equivalent Comparisons of Experiments}},
volume = {24},
journal = {The Annals of Mathematical Statistics},
number = {2},
publisher = {Institute of Mathematical Statistics},
pages = {265 -- 272},
year = {1953},
doi = {10.1214/aoms/1177729032},
}

