@article{oreshkov2012quantum,
   title={Quantum correlations with no causal order},
   volume={3},
   ISSN={2041-1723},
   url={http://dx.doi.org/10.1038/ncomms2076},
   DOI={10.1038/ncomms2076},
   number={1},
   journal={Nature Communications},
   publisher={Springer Science and Business Media LLC},
   author={Oreshkov, Ognyan and Costa, Fabio and Brukner, ÄŒaslav},
   year={2012},
   month=oct 
}
