@article{frank2013monotonicity,
  title={Monotonicity of a relative {R}{\'e}nyi entropy},
  author={R. L. Frank and E. H. Lieb},
  journal={Journal of Mathematical Physics},
  volume={54},
  number={12},
  pages={122201},
  year={2013},
  publisher={American Institute of Physics}
}

