@article{Jencov2012ExtremalGQ,
  title={Extremal generalized quantum measurements},
  author={A. Jencov{\'a}},
  journal={Linear Algebra and its Applications},
  year={2012},
  volume={439},
  pages={4070-4079}
}