@article{jaksic2012quantum,
  title={Quantum hypothesis testing and non-equilibrium statistical mechanics},
  author={Jak{\v{s}}i{\'c}, Vojkan and Ogata, Yoshiko and Pillet, C-A and Seiringer, Robert},
  journal={Reviews in Mathematical Physics},
  volume={24},
  number={06},
  pages={1230002},
  year={2012},
  publisher={World Scientific},
  doi={10.1142/S0129055X12300026}
}

