@article{vetterlein2019orthogonality,
  title={Orthogonality spaces of finite rank and the complex Hilbert spaces},
  author={Vetterlein, Thomas},
  journal={International Journal of Geometric Methods in Modern Physics},
  volume={16},
  year={2019}
}

