@incollection{wright1977russo,
  title={A Russo Dye Theorem for Jordan C*-Algehras},
  author={Wright, JD Maitland and Youngson, MA},
  booktitle={North-Holland Mathematics Studies},
  volume={27},
  pages={279--282},
  year={1977},
  publisher={Elsevier},
  doi={10.1016/S0304-0208(08)70537-1}
}
