@article{trunov1979anoncommutative,
Author={N. V. Trunov},
Title={{A noncommutative analogue of the space $L_p$}},
Journal={Russian Mathematics (Izvestiya VUZ Matematika)}},
Year={{1979}},
Volume={{23}},
Pages={{71-79}},
}
