@inproceedings{berta2022chain,
  title={Chain rules for quantum channels},
  author={Berta, Mario and Tomamichel, Marco},
  booktitle={2022 IEEE International Symposium on Information Theory (ISIT)},
  pages={2427--2432},
  year={2022},
  organization={IEEE},
  doi={10.1109/ISIT50566.2022.9834391}
  }

