@misc{jencova2015aextreme,
  title={$\mathcal A$-extreme points of generalized state spaces},
  author={Jen{\v{c}}ov{\'a}},
  year={2015},
  howpublished={Unpublished draft}
}

