@article{gao2021recoverability,
  title={Recoverability for optimized quantum f-divergences},
  author={Gao, Li and Wilde, Mark M},
  journal={Journal of Physics A: Mathematical and Theoretical},
  volume={54},
  number={38},
  pages={385302},
  year={2021},
  publisher={IOP Publishing},
  doi={10.1088/1751-8121/ac1dc2}
}
