@article{jenča2017twomonads,
}