@inproceedings{buscemi2017comparison,
author={F. Buscemi},
title={Comparison of Noisy Channels and Reverse Data-Processing Theorems},
booktitle={IEEE Information Theory Workshop (ITW)},
year={2017},
pages={489-493}
}


