@incollection{jencova2010onquantum,
Author={A. Jen\v {c}ov\'a},
Title={{On quantum information manifolds}},
Booktitle={{Algebraic and Geometric Methods in Statistics}},
Publisher={{Cambridge University Press}},
address={Cambridge},
Year={2010},
doi={https://doi.org/10.1017/CBO9780511642401}
}


