@inproceedings{westerbaan2020acharacterisation,
  title={A characterisation of ordered abstract probabilities},
  author={Westerbaan, Abraham and Westerbaan, Bas and van de Wetering, John},
  booktitle={Proceedings of the 35th Annual ACM/IEEE Symposium on Logic in Computer Science},
  pages={944--957},
  year={2020}
}
