@article{faulkner2022approximate2,
  title={Approximate recoverability and relative entropy {II}: 2-positive channels of general von {Neumann} algebras},
  author={Faulkner, Thomas and Hollands, Stefan},
  journal={Letters in Mathematical Physics},
  volume={112},
  number={2},
  pages={26},
  year={2022},
  publisher={Springer},
  doi={10.1007/s11005-022-01510-9}
}
