@article{jencova2001geometry,
  title={Geometry of quantum states: dual connections and divergence functions},
  author={Jen{\v{c}}ov{\'a}, Anna},
  journal={Reports on Mathematical Physics},
  volume={47},
  number={1},
  pages={121--138},
  year={2001},
  publisher={Elsevier}
}

