@misc{matsumoto2010quantum,
    title={A quantum version of randomization criterion},
    author={Keiji Matsumoto},
    year={2010},
    eprint={1012.2650},
    archivePrefix={arXiv},
    primaryClass={quant-ph}
}

