@article{li2014second,
  title={SECOND-ORDER ASYMPTOTICS FOR QUANTUM HYPOTHESIS TESTING},
  author={Li, Ke},
  journal={The Annals of Statistics},
  pages={171--189},
  year={2014},
 doi={10.1214/13-AOS1185}
}

