@article{jencova2012generalized,
  	title={{Generalized channels: channels for convex subsets of the state space}},
	author={Jen{\v{c}}ov\'{a}, Anna},
	year={2012},
	journal={Journal of Mathematical Physics}, 
        volume={53},
        number={1}, 
        pages={012201}
}
