 
@article{konig2009theoperational,
   title={The Operational Meaning of Min- and Max-Entropy},
   volume={55},
   ISSN={0018-9448},
   url={http://dx.doi.org/10.1109/TIT.2009.2025545},
   DOI={10.1109/tit.2009.2025545},
   number={9},
   journal={IEEE Transactions on Information Theory},
   publisher={Institute of Electrical and Electronics Engineers (IEEE)},
   author={Konig, Robert and Renner, Renato and Schaffner, Christian},
   year={2009},
   month={Sep},
   pages={4337–4347}
}

@article{renner2008security,
  title={Security of quantum key distribution},
  author={Renner, Renato},
  journal={International Journal of Quantum Information},
  volume={6},
  number={01},
  pages={1--127},
  year={2008},
  publisher={World Scientific}
}

@article{kitaev1997quantum,
Author={A. Kitaev},
Title={{Quantum computations: Algorithms and error correction}},
Journal={{Russian Mathematical Surveys}},
Year={{1997}},
Volume={{52}},
Pages={{1191-1249}},
}

@misc{watrous2011theory,
Author = {J. Watrous},
Title = {{Theory of Quantum Information}}, 
Howpublished = {{University of Waterloo, Waterloo}},
Year = {{2011}},
eprint={http://www.cs.uwaterloo.ca/∼watrous/CS766/}
}

@book{strasser1985statistics,
Author = {H. Strasser}, 
Title = {{Mathematical Theory of Statistics}},
Publisher = {{de Gruyter}}, 
Address = {{Berlin, New York}}, 
Year = {{1985}},
}



