@article{arias2002fixed,
  title={Fixed points of quantum operations},
  journal={Journal of Mathematical Physics},
  volume={43},
  number={12},
  pages={5872--5881},
  year={2002},
  publisher={American Institute of Physics},
  doi={10.1063/1.1519669}
}

