
@article{petz1999onquantum,
  title={On quantum Fisher information},
  author={Petz, D and Jencova, A},
  journal={J. Electrical Engineering},
  volume={50},
  pages={78--81},
  year={1999}
}
