
@article{bluhm2018joint,
  title={Joint measurability of quantum effects and the matrix diamond},
  author={Bluhm, Andreas and Nechita, Ion},
  journal={Journal of Mathematical Physics},
  volume={59},
  number={11},
  pages={112202},
  year={2018},
  publisher={AIP Publishing}
}

