@book{alfsen1971compact,
  title={Compact convex sets and boundary integrals},
  author={Alfsen, Erik M},
  year={1971},
  publisher={Springer}
}

