@article{carmeli2019quantum,
  title={Quantum incompatibility witnesses},
  author={Carmeli, Claudio and Heinosaari, Teiko and Toigo, Alessandro},
  journal={Physical review letters},
  volume={122},
  number={13},
  pages={130402},
  year={2019},
  publisher={APS},
  doi={https://doi.org/10.1103/PhysRevLett.122.130402}
  }
