@article{mosonyi2022geometric,
  title={Geometric relative entropies and barycentric R$\backslash$'enyi divergences},
  author={Mosonyi, Mil{\'a}n and Bunth, Gergely and Vrana, P{\'e}ter},
  journal={arXiv preprint arXiv:2207.14282},
  year={2022}
}
