@article{mosonyi2023somecontinuity,
author={Mosonyi, Milán and Hiai, Fumio},
  journal={IEEE Transactions on Information Theory}, 
  title={Some continuity properties of quantum Rényi divergences}, 
  year={2023},
doi={10.1109/TIT.2023.3324758}
}
