@article{carbone2015irreducible,
}