@inproceedings{jencova2001dualistic,
  title={Dualistic properties of the manifold of quantum states},
  author={Jen{\v{c}}ov{\'a}, Anna},
  booktitle={AIP Conference Proceedings},
  volume={553},
  number={1},
  pages={147--152},
  year={2001},
  organization={American Institute of Physics}
}

