@article{foulis2004compressions,
  title={Compressions on partially ordered abelian groups},
  author={Foulis, David},
  journal={Proceedings of the American Mathematical Society},
  volume={132},
  number={12},
  pages={3581--3587},
  year={2004},
  doi={10.1090/S0002-9939-04-07644-0}
}

