@article{sutter2017multivariate,
  title={Multivariate trace inequalities},
  author={Sutter, David and Berta, Mario and Tomamichel, Marco},
  journal={Communications in Mathematical Physics},
  volume={352},
  pages={37--58},
  year={2017},
  publisher={Springer},
  doi={10.1007/s00220-016-2778-5}
}
