@article{faulkner2020approximate,
  title={Approximate recovery and relative entropy I. general von Neumann subalgebras},
  author={T. Faulkner and S. Hollands and B. Swingle and Yixu Wang},
  journal={arXiv: Quantum Physics},
  year={2020}
}

