@article{petz1996monotone,
  title={Monotone metrics on matrix spaces},
  author={Petz, D{\'e}nes},
  journal={Linear algebra and its applications},
  volume={244},
  pages={81--96},
  year={1996},
  publisher={Elsevier},
  doi={https://doi.org/10.1016/0024-3795(94)00211-8}
}
