@article{jencova2014base,
  title={Base norms and discrimination of generalized quantum channels},
  author={Jen{\v{c}}ov{\'a}, Anna},
  journal={Journal of Mathematical Physics},
  volume={55},
  number={2},
  pages={022201},
  year={2014},
  publisher={AIP},
  doi={10.1063/1.4863715}
}

