

@misc{jencova2015comparison,
Author = {A. Jen\v{c}ov\'{a}},
Title = {{Comparison of quantum channels and statistical experiments}}, 
Howpublished = {{arXiv:1512.07016}},
Year = {{2015}},
}



