@article{puchala2015exploring,
  title={Exploring boundaries of quantum convex structures: special role of unitary processes},
  author={Z. Pucha{\l}a and A. Jen{\v{c}}ov{\'a} and M. Sedl{\'a}k and M. Ziman},
  journal={Physical Review A},
  year={2015},
  volume={92},
  pages={012304}
}


