@BOOK{takesaki2002theory1,
  AUTHOR = {Takesaki, M.},
  TITLE = {Theory of operator algebras. {I}},
  SERIES = {Encyclopaedia of Mathematical Sciences},
  VOLUME = {124},
  NOTE = {Reprint of the first (1979) edition},
  PUBLISHER = {Springer-Verlag},
  ADDRESS = {Berlin},
  YEAR = {2002},
  ISBN = {3-540-42248-X},
  MRCLASS = {46Lxx (46-01)},
  }

@BOOK{takesaki2003theory2,
  AUTHOR = {Takesaki, M.},
  TITLE = {Theory of operator algebras. {II}},
  SERIES = {Encyclopaedia of Mathematical Sciences},
  VOLUME = {125},
  PUBLISHER = {Springer-Verlag},
  ADDRESS = {Berlin},
  YEAR = {2003},
  ISBN = {3-540-42914-X}
}

@BOOK{takesaki2003theory3,
  AUTHOR = {Takesaki, M.},
  TITLE = {Theory of operator algebras. {III}},
  SERIES = {Encyclopaedia of Mathematical Sciences},
  VOLUME = {127},
  PUBLISHER = {Springer-Verlag},
  ADDRESS = {Berlin},
  YEAR = {2003},
  ISBN = {3-540-42913-1},
}


