@article{lindblad1999ageneral,
  title={A general no-cloning theorem},
  author={Lindblad, G{\"o}ran},
  journal={Letters in Mathematical Physics},
  volume={47},
  number={2},
  pages={189--196},
  year={1999},
  publisher={Springer},
  doi={10.1023/A:1007581027660}
}
