@article{liu2020operational,
  title={Operational resource theory of quantum channels},
  author={Liu, Yunchao and Yuan, Xiao},
  journal={Physical Review Research},
  volume={2},
  number={1},
  pages={012035},
  year={2020},
  publisher={APS}
}



