@book{stratila1979lectures,
Author={S. Stratila and L. Zsid\'o},
Title={{Lectures on von Neumann algebras}},
Publisher={{Editura Academiei, Bucharest, and Abacus Press}},
Address={{Tunbridge Wells}},
Year={{1979}},
}
