@article{kosaki1986extension,
  title={Extension of Jones' theory on index to arbitrary factors},
  author={Kosaki, Hideki},
  journal={Journal of functional analysis},
  volume={66},
  number={1},
  pages={123--140},
  year={1986},
  publisher={Elsevier}
}

