@article{crann2016private,
  title={Private algebras in quantum information and infinite-dimensional complementarity},
  author={Crann, Jason and Kribs, David W and Levene, Rupert H and Todorov, Ivan G},
  journal={Journal of Mathematical Physics},
  volume={57},
  number={1},
  pages={015208},
  year={2016},
  publisher={AIP Publishing LLC},
  doi={doi.org/10.1063/1.4935399}
}
