@article{Jencov2003AffineCD,
  title={Affine connections, duality and divergences for a von Neumann algebra},
  author={A. Jencov{\'a}},
  journal={arXiv: Mathematical Physics},
  year={2003}
}