
@inproceedings{jencova2016isit,
Author={A. Jen\v{c}ov\'{a}},
Title={{Comparison of quantum channels and quantum statistical experiments}},
booktitle={{2016 IEEE International Symposium on Information Theory (ISIT)}},
Year={{2016}},
Pages={{2249 - 2253}},
Series={IEEE Conference Publications}
}

@article{jencova2015comparison,
  title={Comparison of quantum channels and statistical experiments},
  author={Jencov{\'a}, Anna},
  journal={arXiv preprint arXiv:1512.07016},
  year={2015}
}


