@article{jencova2023spectrality,
author={Jen{\v c}ov{\'a}, A. and Pulmannov{\'a}, S.},
title={Spectrality in Convex Sequential Effect Algebras},
journal={Int. J. Theor. Phys.},
volume={62}, 
pages={193}, 
year={2023},
doi={10.1007/s10773-023-05431-8}
}
