@incollection{nagaoka1995differential,
  title={Differential geometrical aspects of quantum state estimation and relative entropy},
  author={Nagaoka, Hiroshi},
  booktitle={Quantum Communications and Measurement},
  pages={449--452},
  year={1995},
  publisher={Springer},
  doi={https://doi.org/10.1007/978-1-4899-1391-3_44}
}
