@article{bluhm2020incompatibility,
  title={Incompatibility in general probabilistic theories, generalized spectrahedra, and tensor norms},
  author={Andreas Bluhm and A. Jen{\v {c}}ov{\'a} and I. Nechita},
  journal={arXiv:2011.06497},
  year={2020}
}

