
@article{jencova2024theexponential,
  title={{The exponential Orlicz space in quantum information geometry}},
  author={Jen{\v c}ov{\' a}, Anna},
  journal={Information Geometry},
  volume={7},
  pages={377-395},
  year={2024},
  doi={10.1007/s41884-023-00097-x}
}

