@article{jencova2006sufficiency,
  title={Sufficiency in Quantum Statistical Inference},
  author={A. Jencov{\'a} and D. Petz},
  journal={Communications in Mathematical Physics},
  year={2006},
  volume={263},
  pages={259-276}
}
