@article{jencova2015effect,
  title={Effect algebras with state operator},
  author={Jen{\v{c}}ov{\'a}, A and Pulmannov{\'a}, Sylvia},
  journal={Fuzzy Sets and Systems},
  volume={260},
  pages={43--61},
  year={2015},
  publisher={Elsevier}
}

