@book{hiai2021quantum,
  title={Quantum $f$-Divergences in von Neumann Algebras: Reversibility of Quantum Operations},
  author={Hiai, F.},
  isbn={9789813341999},
  series={Mathematical Physics Studies},
  year={2021},
  publisher={Springer},
  address={Singapore},
  doi={10.1007/978-981-33-4199-9}
}

