@article{shirokov2013reversibilityjmp,
  title={Reversibility of a quantum channel: general conditions and their applications to Bosonic linear channels},
  author={Shirokov, Maksim E.},
  journal={Journal of Mathematical Physics},
  volume={54},
  number={11},
  pages={112201},
  year={2013},
  publisher={American Institute of Physics},
  doi={10.1063/1.4827436}
}
