@article{foulis2012dimension,
}