@article{chiribella2016optimal,
  title={Optimal quantum networks and one-shot entropies},
  author={G. Chiribella and D. Ebler},
  journal={New Journal of Physics},
  volume={18},
  number={9},
  pages={093053},
  year={2016},
  publisher={IOP Publishing}
}

