@article{kosaki1986relative,
  title={Relative entropy of states: a variational expression},
  author={Kosaki, Hideki},
  journal={Journal of Operator Theory},
  volume={16},
  pages={335--348},
  year={1986},
}
