@article{bluhm2022maximal,
  title={Maximal violation of steering inequalities and the matrix cube},
  author={Bluhm, Andreas and Nechita, Ion},
  journal={Quantum},
  volume={6},
  pages={656},
  year={2022},
  publisher={Verein zur F{\"o}rderung des Open Access Publizierens in den Quantenwissenschaften},
  doi={https://doi.org/10.22331/q-2022-02-21-656}
}
