@article{foulis2010type,
  title={Type-decomposition of an effect algebra},
  author={Foulis, David J and Pulmannov{\'a}, Sylvia},
  journal={Foundations of Physics},
  volume={40},
  number={9},
  pages={1543--1565},
  year={2010},
  publisher={Springer}
}

