@article{milz2024characterising,
   title={Characterising transformations between quantum objects, &amp;apos;completeness&amp;apos; of quantum properties, and transformations without a fixed causal order},
   volume={8},
   ISSN={2521-327X},
   url={http://dx.doi.org/10.22331/q-2024-07-17-1415},
   DOI={10.22331/q-2024-07-17-1415},
   journal={Quantum},
   publisher={Verein zur Forderung des Open Access Publizierens in den Quantenwissenschaften},
   author={Milz, Simon and Quintino, Marco TÃºlio},
   year={2024},
   month=jul, pages={1415} 
   }
