@article{jencova2007howsharpare,
	authors={A. Jencov√°,},
	year={2007},
	journal={arXiv preprint math-ph/0701031},
}