@article{fuchs1999cryptographic,
  title={Cryptographic distinguishability measures for quantum-mechanical states},
  author={Fuchs, Christopher A and Van De Graaf, Jeroen},
  journal={IEEE Transactions on Information Theory},
  volume={45},
  number={4},
  pages={1216--1227},
  year={1999},
  publisher={IEEE},
  doi={10.1109/18.761271}
}

