@book{hayashi2017quantum,
  title={Quantum Information Theory: Mathematical Foundation},
  author={Hayashi, Masahito},
  isbn={978-3-662-49723-4},
  series={Graduate Texts in Physics},
  year={2017},
  publisher={Springer-Verlag Berlin Heidelberg},
  doi={10.1007/978-3-662-49725-8}
}


