@article{chitambar2019quantum,
  title={Quantum resource theories},
  author={Chitambar, Eric and Gour, Gilad},
  journal={Reviews of Modern Physics},
  volume={91},
  number={2},
  pages={025001},
  year={2019},
  publisher={APS}
}

