@article{carbone2016open,
  title={Open quantum random walks: reducibility, period, ergodic properties},
  author={Carbone, Raffaella and Pautrat, Yan},
  journal={Annales Henri Poincar{\'e}},
  volume={17},
  number={1},
  pages={99--135},
  year={2016},
  publisher={Springer}
}

