@article{ziman2008process,
title={Process positive-operator-valued measure: A mathematical framework for the description of process tomography experiments},
   volume={77},
   ISSN={1094-1622},
   url={http://dx.doi.org/10.1103/PhysRevA.77.062112},
   DOI={10.1103/physreva.77.062112},
   number={6},
   journal={Physical Review A},
   publisher={American Physical Society (APS)},
   author={Ziman, MÃ¡rio},
   year={2008},
   month=jun 
   }
