@article{jencova2012reversibility,
  title={Reversibility conditions for quantum operations},
  author={Jen{\v{c}}ov{\'a}, Anna},
  journal={Reviews in Mathematical Physics},
  volume={24},
  number={07},
  pages={1250016},
  year={2012},
  publisher={World Scientific}
}

