@article{gallego2015resource,
  title={Resource theory of steering},
  author={Gallego, Rodrigo and Aolita, Leandro},
  journal={Physical Review X},
  volume={5},
  number={4},
  pages={041008},
  year={2015},
  publisher={APS}
}

