@book{hanche1984jordan,
  title={Jordan operator algebras},
  author={Hanche-Olsen, Harald and St{\o}rmer, Erling},
  volume={21},
  year={1984},
  publisher={Pitman Advanced Publishing Program}
}

