@article{jencova2005quantum,
  title={Quantum information geometry and noncommutative Lp-spaces},
  author={Jen{\v{c}}ov{\'a}, Anna},
  journal={Infinite Dimensional Analysis, Quantum Probability and Related Topics},
  volume={8},
  number={02},
  pages={215--233},
  year={2005},
  publisher={World Scientific}
}


