@misc{carbone2020absorption,
      title        = {Absorption operators in invariant domains for semigroups of quantum channels,
      author       = {R. Carbone and F. Girotti},
      howpublished = {private communication,
      year         = 2020,
    }

