@article{Fagnola2003transience,
  title={Transience and recurrence of quantum Markov semigroups},
  author={F. Fagnola and R. Rebolledo},
  journal={Probability Theory and Related Fields},
  year={2003},
  volume={126},
  pages={289-306}
}

