@article{luczak2014quantum,
  title={Quantum sufficiency in the operator algebra framework},
  author={{\L}uczak, Andrzej},
  journal={International Journal of Theoretical Physics},
  volume={53},
  number={10},
  pages={3423--3433},
  year={2014},
  publisher={Springer},
  doi={10.1007/s10773-013-1747-4}
}
