@article{carbone2015homogeneous,
  title={Homogeneous open quantum random walks on a lattice},
  author={Carbone, Raffaella and Pautrat, Yan},
  journal={Journal of Statistical Physics},
  volume={160},
  number={5},
  pages={1125--1153},
  year={2015},
  publisher={Springer}
}

