@article{carlen2020recovery,
  title={Recovery map stability for the data processing inequality},
  author={Carlen, Eric A and Vershynina, Anna},
  journal={Journal of Physics A: Mathematical and Theoretical},
  volume={53},
  number={3},
  pages={035204},
  year={2020},
  publisher={IOP Publishing},
  doi={10.1088/1751-8121/ab5ab7}
}
