@misc{vanrietvelde2022consistent,
      title={Consistent circuits for indefinite causal order}, 
      author={Augustin Vanrietvelde and Nick Ormrod and Hlér Kristjánsson and Jonathan Barrett},
      year={2023},
      eprint={2206.10042},
      archivePrefix={arXiv},
      primaryClass={quant-ph},
      url={https://arxiv.org/abs/2206.10042}, 
}
