@article{hiai2024alphaz,
title={$\alpha $-$ z $-{R}\'enyi divergences in von {N}eumann algebras: data-processing inequality, reversibility, and monotonicity properties in $\alpha, z$},
  author={Hiai, Fumio and Jen{\v{c}}ov{\'a}, Anna},
  journal={arXiv preprint arXiv:2404.07617},
  year={2024}
}

