@article{pulmannova2013effect,
  title={Effect algebras with state operator},
  author={Pulmannova, Sylvia and others},
  journal={arXiv preprint arXiv:1307.4201},
  year={2013}
}
