@article{gour2020dynamical,
  title={Dynamical Entanglement},
  author={Gour, Gilad and Scandolo, Carlo Maria},
  journal={Physical Review Letters},
  volume={125},
  number={18},
  pages={180505},
  year={2020},
  publisher={APS}
}

