@article{jencova2022assemblages,
}