@article{busch2013comparing,
  title={Comparing the degrees of incompatibility inherent in probabilistic physical theories},
  author={Busch, Paul and Heinosaari, Teiko and Schultz, Jussi and Stevens, Neil},
  journal={EPL (Europhysics Letters)},
  volume={103},
  number={1},
  pages={10002},
  year={2013},
  publisher={IOP Publishing}
}

