@article{chiribella2013quantum,
  title={Quantum computations without definite causal structure},
  author={Chiribella, Giulio and Dâ€™Ariano, Giacomo Mauro and Perinotti, Paolo and Valiron, Benoit},
  journal={Physical Review A},
  volume={88},
  number={2},
  pages={022318},
  year={2013},
  publisher={APS},
  doi={https://doi.org/10.1103/PhysRevA.88.022318}
}

