@article{gudder2006compression,
  title={Compression bases in effect algebras},
  author={Gudder, Stan},
  journal={DEMONSTRATIO MATHEMATICA-POLITECHNIKA WARSZAWSKA},
  volume={39},
  number={1},
  pages={43},
  year={2006},
  publisher={WARSAW UNIVERSITY},
  doi={10.1515/dema-2006-0106}
}

