@article{junge2018universal,
	authors={M. Junge,},
	year={2018},
	journal={In Annales Henri Poincar√© (Vol. 19, No. 10, pp. 2955-2978). Springer International Publishing},
}