@article{jencova2021renyi,
  title={{R{\'e}nyi relative entropies and noncommutative $L_p$-spaces II}},
  author={Jen{\v{c}}ov{\'a}, Anna},
  journal={Annales Henri Poincar{\'e}},
  pages={3235â€“3254},
  volume={22},
  year={2021},
  doi={10.1007/s00023-021-01074-9}
}
