@article{jencova2011observables,
  title={{Observables on $\sigma$-MV algebras and $\sigma$-lattice effect algebras}},
  author={Jen{\v{c}}ov{\'a}, Anna and Pulmannov{\'a}, Silvia and Vincekov{\'a}, Elena},
  journal={Kybernetika},
  volume={47},
  number={4},
  pages={541--559},
  year={2011},
  publisher={Institute of Information Theory and Automation AS CR}
}
