
@misc{ganesan2019quantum,
    title={Quantum Majorization on Semifinite von Neumann Algebras},
    author={Priyanga Ganesan and Li Gao and Satish K. Pandey and Sarah Plosker},
    year={2019},
    eprint={1909.10038},
    archivePrefix={arXiv},
    primaryClass={math.OA}
}


