@book{amari2000methods,
  title={Methods of information geometry},
  author={Amari, Shun-ichi and Nagaoka, Hiroshi},
  volume={191},
  year={2000},
  publisher={American Mathematical Soc.}
}
