@article{mosonyi2004structure,
  title={Structure of sufficient quantum coarse-grainings},
  author={Mosonyi, Mil{\'a}n and Petz, D{\'e}nes},
  journal={Letters in Mathematical Physics},
  volume={68},
  pages={19--30},
  year={2004},
  publisher={Springer},
  doi={10.1007/s11005-004-4072-2}
}
