@article{jencova2010markov,
  title={Markov triplets on CCR-algebras},
  author={Jencov{\'a}, Anna and Petz, D{\'e}nes and Pitrik, J{\'o}zsef},
  journal={Acta Sci. Math.(Szeged)},
  volume={76},
  pages={111--134},
  year={2010},
  publisher={Citeseer}
}

