@article{dodds1989noncommutative,
  title={Non-commutative Banach function spaces},
  author={Dodds, Peter G and Dodds, Theresa K-Y and de Pagter, Ben},
  journal={Mathematische Zeitschrift},
  volume={201},
  number={4},
  pages={583--597},
  year={1989},
  publisher={Springer-Verlag}
}
