@misc{plavala2021general,
  title={General probabilistic theories: An introduction},
  author={Pl{\'a}vala, Martin},
  howpublished={arXiv preprint arXiv:2103.07469},
  year={2021}
}


