@book{phelps2001lectures,
  title={Lectures on {C}hoquetâ€™s theorem},
  author={Phelps, Robert R},
  year={2001},
  publisher={Springer},
  address={Berlin Heidelberg},
  doi={https://doi.org/10.1007/b76887}
