@article{shirokov2011monotonicity,
	authors={E. M. Shirokov,},
	year={2011},
	journal={arXiv preprint arXiv:1106.3297},
}