@article{aubrun2021entangleability,
  title={Entangleability of cones},
  author={Aubrun, Guillaume and Lami, Ludovico and Palazuelos, Carlos and Pl{\'a}vala, Martin},
  journal={Geometric and Functional Analysis},
  volume={31},
  number={2},
  pages={181--205},
  year={2021},
  publisher={Springer},
  doi={10.1007/s00039-021-00565-5}
}
