@article{saito2015defining,
  title={On Defining AW*-algebras and Rickart C*-algebras},
  author={Sait{\^o}, Kazuyuki and Wright, JD Maitland},
  journal={The Quarterly Journal of Mathematics},
  volume={66},
  number={3},
  pages={979--989},
  year={2015},
  publisher={Oxford University Press},
  doi={10.1093/qmath/hav015}
}
