@article{foulis2006monotone,
  title={Monotone $\sigma$-complete RC-groups},
  author={Foulis, David J and Pulmannov{\'a}, Sylvia},
  journal={Journal of the London Mathematical Society},
  volume={73},
  number={2},
  pages={304--324},
  year={2006},
  publisher={Oxford University Press}
}

