@article{gartner2012coherent,
  title={A coherent approach to recurrence and transience for quantum Markov operators},
  author={G{\"a}rtner, Andreas and K{\"u}mmerer, Burkhard},
  journal={arXiv preprint arXiv:1211.6876},
  year={2012}
}

