@article{seal2013tensors,
  title={TENSORS, MONADS AND ACTIONS},
  author={Seal, Gavin J},
  journal={Theory \& Applications of Categories},
  volume={28},
  number={2},
  year={2013}
}
