@article{jencova2007howsharp,
  title={How sharp are PV measures?},
  author={Jen{\v{c}}ov{\'a}, A and Pulmannov'a, S},
  journal={Reports on Mathematical Physics},
  volume={2},
  number={59},
  pages={257--266},
  year={2007}
}

