@article{jencova2021general,
  title={A general theory of comparison of quantum channels (and beyond)},
  author={Jen{\v{c}}ov{\'a}, Anna},
  journal={IEEE Transactions on Information Theory},
  volume={67},
  number={6},
  pages={3945--3964},
  year={2021},
  publisher={IEEE},
  doi={10.1109/TIT.2021.3070120}
}

