@article{kuramochi2020directed,
  title={Directed-Completeness of Quantum Statistical Experiments in the Randomization Order},
  author={Yui Kuramochi},
  journal={Open Syst. Inf. Dyn.},
  year={2020},
  volume={27},
  pages={2050003:1-2050003:33}
}
