@misc{jencova2023recoverability,
author={Jen{\v c}ov{\'a}, Anna},
title={Recoverability of quantum channels via hypothesis testing},
howpublished={arxiv:2303.11707v1}
}
