@article{Buscemi_2016,
   title={Degradable channels, less noisy channels, and quantum statistical morphisms: An equivalence relation},
   volume={52},
   ISSN={1608-3253},
   url={http://dx.doi.org/10.1134/S0032946016030017},
   DOI={10.1134/s0032946016030017},
   number={3},
   journal={Problems of Information Transmission},
   publisher={Pleiades Publishing Ltd},
   author={Buscemi, F.},
   year={2016},
   month={Jul},
   pages={201â€“213}
}


