@article{hiai2018quantum,
  title={{Quantum $f$-divergences in von Neumann algebras. I. Standard $f$-divergences}},
  author={F. Hiai},
  journal={Journal of Mathematical Physics},
  volume={59},
  number={10},
  pages={102202},
  year={2018},
  publisher={AIP Publishing LLC}
}

