@article{plavala2021incompatibility,
	authors={M. Pl√°vala,},
	year={2021},
	journal={arXiv preprint arXiv:2112.10596},
}