@article{al2007noncommutative,
  title={Noncommutative Orlicz spaces associated to a state},
  author={Al-Rashed, Maryam HA and Boguslaw Zegarlinski},
  journal={Studia Mathematica},
  volume={180},
  pages={199--209},
  year={2007},
  publisher={Instytut Matematyczny Polskiej Akademii Nauk},
  doi={10.4064/sm180-3-1}
}
