@article{lindblad1975completely,
  title={Completely positive maps and entropy inequalities},
  author={Lindblad, G{\"o}ran},
  journal={Communications in Mathematical Physics},
  volume={40},
  pages={147--151},
  year={1975},
  publisher={Springer},
  doi={10.1007/BF01609396}
}
