@article{foulis2017vector,
  title={Vector lattices in synaptic algebras},
  author={David J. Foulis and Anna Jen{\v{c}}ov{\'a} and Sylvia Pulmannov{\'a}},
  journal={Mathematica Slovaca},
  year={2017},
  volume={67},
  pages={1509 - 1524}
}
