@article{foulis2015twoprojections,
  title={Two projections in a synaptic algebra},
  author={Foulis, David J and Jen{\v{c}}ov{\'a}, Anna and Pulmannov{\'a}, Sylvia},
  journal={Linear Algebra and its Applications},
  volume={478},
  pages={162--187},
  year={2015},
  publisher={Elsevier}
}
