@article{faulkner2022approximate,
  title={Approximate recovery and relative entropy {I}: General von {Neumann} subalgebras},
  author={Faulkner, Thomas and Hollands, Stefan and Swingle, Brian and Wang, Yixu},
  journal={Communications in Mathematical Physics},
  volume={389},
  number={1},
  pages={349--397},
  year={2022},
  publisher={Springer},
  doi={10.1007/s00220-021-04143-6}
}

