
@misc{wolf2010theinverse,
Author = {M. M. wolf and D. Perez-Garcia},
Title = {{The inverse eigenvalue problem for quantum channels}}, 
Howpublished = {{arXiv:1005.4545}},
Year = {{2010}},
}

