@ARTICLE{2016arXiv160504115F,
       author = {{Foulis}, David J. and {Jencova}, Anna and {Pulmannova}, Sylvia},
        title = "{Every synaptic algebra has the monotone square root property}",
      journal = {arXiv e-prints},
     keywords = {Mathematics - Operator Algebras, 47B15 (81P10)},
         year = 2016,
        month = may,
          eid = {arXiv:1605.04115},
        pages = {arXiv:1605.04115},
archivePrefix = {arXiv},
       eprint = {1605.04115},
 primaryClass = {math.OA},
       adsurl = {https://ui.adsabs.harvard.edu/abs/2016arXiv160504115F},
      adsnote = {Provided by the SAO/NASA Astrophysics Data System}
}

