@article{paulsen_1996, 
title={The maximal operator space of a normedspace}, 
volume={39}, 
DOI={10.1017/S0013091500023038}, 
number={2},
journal={Proceedings of the Edinburgh Mathematical Society},
publisher={Cambridge University Press}, 
author={Paulsen, Vern I.},
year={1996}, 
pages={309-323}
}



