@article{jencova2009characterizations,
  title={{Characterizations of commutative POV measures}},
  author={Jen{\v{c}}ov{\'a}, Anna and Pulmannov{\'a}, Sylvia},
  journal={Foundations of Physics},
  volume={39},
  number={6},
  pages={613--624},
  year={2009},
  publisher={Springer}
}

