@article{kato2023onrenyi,
  title={On $\alpha $-$ z $-{R}\'enyi divergence in the von {N}eumann algebra setting},
  author={Kato, Shinya},
  journal={arXiv preprint arXiv:2311.01748},
  year={2023}
}


