article{heinosaari2014maximally,
  title={Maximally incompatible quantum observables},
  author={Heinosaari, Teiko and Schultz, Jussi and Toigo, Alessandro and Ziman, Mario},
  journal={Physics Letters A},
  volume={378},
  number={24-25},
  pages={1695--1699},
  year={2014},
  publisher={Elsevier}
}
