@inbook{perinotti2017causal,
   title={Causal Structures and the Classification of Higher Order Quantum Computations},
   ISBN={9783319686554},
   ISSN={2522-0977},
   url={http://dx.doi.org/10.1007/978-3-319-68655-4_7},
   DOI={10.1007/978-3-319-68655-4_7},
   booktitle={Time in Physics},
   publisher={Springer International Publishing},
   author={Perinotti, Paolo},
   year={2017},
   pages={103â€“127} 
   }
