
@article{,
  title={{}},
  author={},
  journal={},
  volume={},
  pages={},
  Article-number={},
  year={}
}



@InProceedings{,
author = {},
title = {},
booktitle = {},
year = ,
publisher = {},
pages = {},
}

