@article{shirokov2015onsuperactivation,
  title={On superactivation of zero-error capacities and reversibility of a quantum channel},
  author={Shirokov, Maxim E. and Shulman, Tatiana},
  journal={Communications in Mathematical Physics},
  volume={335},
  pages={1159--1179},
  year={2015},
  publisher={Springer},
  doi={10.1007/s00220-015-2345-5}
}
