@article{kummerer1979mean,
  title={Mean ergodic semigroups on W*-algebras},
  author={K{\"u}mmerer, Burkhard and Nagel, Rainer},
  journal={Acta Sci.Math.},
  volume={41},
  pages={151-159},
  year={1979}
}

