@article{lami2018ultimate,
  title={Ultimate data hiding in quantum mechanics and beyond},
  author={Lami, Ludovico and Palazuelos, Carlos and Winter, Andreas},
  journal={Communications in Mathematical Physics},
  volume={361},
  number={2},
  pages={661--708},
  year={2018},
  publisher={Springer}
}

