@article{jencova2006construction,
  title={A construction of a nonparametric quantum information manifold},
  author={Jen{\v{c}}ov{\'a}, Anna},
  journal={Journal of Functional Analysis},
  volume={239},
  number={1},
  pages={1--20},
  year={2006},
  publisher={Elsevier}
}


