@article{carlen2018inequalities,
  title={Inequalities for quantum divergences and the {Audenaert--Datta} conjecture},
  author={Carlen, Eric A and Frank, Rupert L and Lieb, Elliott H},
  journal={Journal of Physics A: Mathematical and Theoretical},
  volume={51},
  number={48},
  pages={483001},
  year={2018},
  publisher={IOP Publishing},
  doi={ https://doi.org/10.1088/1751-8121/aae8a3}
}
