@ARTICLE{2017RpMP...80..255F,
       author = {{Foulis}, David J. and {Jen{\v{c}}ov{\'a}}, Anna and {Pulmannov{\'a}}, Sylvia},
        title = "{A Loomis-Sikorski theorem and functional calculus for a generalized Hermitian algebra}",
      journal = {Reports on Mathematical Physics},
     keywords = {synaptic algebra, generalized Hermitian algebra, order-unit space, Jordan algebra, vector lattice, MV-algebra, Loomis-Sikorski theorem, state, extremal state, observable, functional calculus, Mathematics - Rings and Algebras, Mathematical Physics, Mathematics - Functional Analysis, 81P10, 46B40, 06C15},
         year = 2017,
        month = oct,
       volume = {80},
       number = {2},
        pages = {255-275},
          doi = {10.1016/S0034-4877(17)30079-4},
archivePrefix = {arXiv},
       eprint = {1610.06208},
 primaryClass = {math.RA},
       adsurl = {https://ui.adsabs.harvard.edu/abs/2017RpMP...80..255F},
      adsnote = {Provided by the SAO/NASA Astrophysics Data System}
}

