@article{jencova2008note,
  title={A note on effect algebras and dimension theory of AF C*-algebras},
  author={Jen{\v{c}}ov{\'a}, Anna and Pulmannov{\'a}, Sylvia},
  journal={Reports on Mathematical Physics},
  volume={62},
  number={2},
  pages={205--218},
  year={2008},
  publisher={Elsevier}
}

