@article{aubrun2020universal,
  title={Universal gaps for XOR games from estimates on tensor norm ratios},
  author={Aubrun, Guillaume and Lami, Ludovico and Palazuelos, Carlos and Szarek, Stanis{\l}aw J and Winter, Andreas},
  journal={Communications in Mathematical Physics},
  volume={375},
  number={1},
  pages={679--724},
  year={2020},
  publisher={Springer}
}

