@article{wetering2018aneffect,
  title={An effect-theoretic reconstruction of quantum theory},
  author={van de Wetering, John},
  journal={Compositionality},
  volume={1},
  pages={1--27},
  year={2019},
  doi={10.32408/compositionality-1-1}
}

