@article{jenča2019pseudo,
}