@article{labuschagne2011maps,
  title={Maps on noncommutative Orlicz spaces},
  author={Labuschagne, Louis E and Majewski, W{\l}adys{\l}aw A},
  journal={Illinois Journal of Mathematics},
  volume={55},
  number={3},
  pages={1053--1081},
  year={2011},
  publisher={Duke University Press}
}