@article{bushell1973hilbert,
  title={Hilbert's metric and positive contraction mappings in a {Banach} space},
  author={Bushell, Peter J},
  journal={Archive for Rational Mechanics and Analysis},
  volume={52},
  pages={330--338},
  year={1973},
  publisher={Springer},
  doi={10.1007/BF00247467}
}
