@article{tomamichel2009afully,
  title={A fully quantum asymptotic equipartition property},
  author={Tomamichel, Marco and Colbeck, Roger and Renner, Renato},
  journal={IEEE Transactions on information theory},
  volume={55},
  number={12},
  pages={5840--5847},
  year={2009},
  publisher={IEEE},
  doi={10.1109/TIT.2009.2032797}
}
