@article{ticozzi2010quantum,
  title={Quantum information encoding, protection, and correction from trace-norm isometries},
  author={Ticozzi, Francesco and Viola, Lorenza},
  journal={Physical Review A},
  volume={81},
  number={3},
  pages={032313},
  year={2010},
  publisher={APS},
  doi={0.1103/PhysRevA.81.032313}
}
