@phdthesis{lami2018nonclassical,
  author       = {Ludovico Lami}, 
  title        = {Non-classical correlations in quantum mechanics and beyond},
  school       = {Universitat Autonoma de Barcelona},
  year         = 2018,
  eprint={1803.02902},
  archivePrefix={arXiv},
  primaryClass={quant-ph}
}

