@article{jencova2017onmonoids,
}