
@article{Buscemi_2012,
   title={Comparison of Quantum Statistical Models: Equivalent Conditions for Sufficiency},
   volume={310},
   ISSN={1432-0916},
   url={http://dx.doi.org/10.1007/s00220-012-1421-3},
   DOI={10.1007/s00220-012-1421-3},
   number={3},
   journal={Communications in Mathematical Physics},
   publisher={Springer Science and Business Media LLC},
   author={Buscemi, Francesco},
   year={2012},
   month={Jan},
   pages={625â€“647}
}

