@book{ryan2002introduction,
  title={Introduction to tensor products of Banach spaces},
  author={Ryan, Raymond A and a Ryan, R},
  volume={73},
  year={2002},
  publisher={Springer}
}
