@article{jencova2017conditions,
   title={Conditions on the existence of maximally incompatible two-outcome measurements in general probabilistic theory},
   volume={96},
   ISSN={2469-9934},
   url={http://dx.doi.org/10.1103/PhysRevA.96.022113},
   DOI={10.1103/physreva.96.022113},
   number={2},
   journal={Physical Review A},
   publisher={American Physical Society (APS)},
   author={Jen\v{c}ov\'{a}, Anna and Pl\'{a}vala, Martin},
   year={2017},
   month={Aug}
}

