@article{jencova2013extremal,
  title={Extremal generalized quantum measurements},
  author={Jen{\v{c}}ov{\'a}, Anna},
  journal={Linear Algebra and its Applications},
  volume={439},
  number={12},
  pages={4070--4079},
  year={2013},
  publisher={Elsevier}
}
