@article{chiribella2009realization,
  title={Realization schemes for quantum instruments in finite dimensions},
  author={Chiribella, Giulio and Dâ€™Ariano, Giacomo Mauro and Perinotti, Paolo},
  journal={Journal of Mathematical Physics},
  volume={50},
  number={4},
  pages={042101},
  year={2009},
  publisher={American Institute of Physics},
  doi={ https://doi.org/10.1063/1.3105923}
  }
