@article{diestel1975geometry,
  title={GEOMETRY OF BANACH SPACES-SELECTED TOPICS.},
  author={J. DIESTEL},
  year={1975}
}

