@article{zhang2020fromwyd,
  title={{From Wigner-Yanase-Dyson conjecture to Carlen-Frank-Lieb conjecture}},
  author={Zhang, Haonan},
  journal={Advances in Mathematics},
  volume={365},
  pages={107053},
  year={2020},
  publisher={Elsevier},
  doi={10.1016/j.aim.2020.107053}
}

