@article{jenvcova2021geometric,
  title={Geometric and algebraic aspects of spectrality in order unit spaces: a comparison},
  author={Jen{\v{c}}ov{\'a}, Anna and Pulmannov{\'a}, Sylvia},
  journal={Journal of Mathematical Analysis and Applications},
  pages={125360},
  year={2021},
  publisher={Elsevier}
}