@article{fack1986generalized,
author = {Thierry Fack and Hideki Kosaki},
title = {{Generalized $s$-numbers of $\tau$-measurable operators.}},
volume = {123},
journal = {Pacific Journal of Mathematics},
number = {2},
publisher = {Pacific Journal of Mathematics, A Non-profit Corporation},
pages = {269 -- 300},
year = {1986},
}


