@article{Mosonyi2018DivergenceRA,
  title={Divergence radii and the strong converse exponent of classical-quantum channel coding with constant compositions},
  author={M. Mosonyi and Tomohiro Ogawa},
  journal={ArXiv},
  year={2018},
  volume={abs/1811.10599}
}