@article{gutoski2007toward,
title={Toward a general theory of quantum games},
   url={http://dx.doi.org/10.1145/1250790.1250873},
   DOI={10.1145/1250790.1250873},
   booktitle={Proceedings of the thirty-ninth annual ACM symposium on Theory of computing},
   publisher={ACM},
   author={Gutoski, Gus and Watrous, John},
   year={2007},
   month=jun, pages={565â€“574},
   collection={STOC07} 
   }

