@inbook{Sutter_2018,
   title={Approximate Quantum Markov Chains},
   ISBN={9783319787329},
   ISSN={2197-1765},
   url={http://dx.doi.org/10.1007/978-3-319-78732-9_5},
   DOI={10.1007/978-3-319-78732-9_5},
   booktitle={Approximate Quantum Markov Chains},
   publisher={Springer International Publishing},
   author={Sutter, David},
   year={2018},
   pages={75â€“100} 
   }

