@article{pulmannova2006effect,
  title={Effect algebras with compressions},
  author={Pulmannov{\'a}, Sylvia},
  journal={Reports on Mathematical Physics},
  volume={58},
  number={2},
  pages={301--324},
  year={2006},
  publisher={Elsevier},
  doi={10.1016/S0034-4877(06)80054-6}
}

