@article{carmeli2018state,
  title={State discrimination with postmeasurement information and incompatibility of quantum measurements},
  author={Carmeli, Claudio and Heinosaari, Teiko and Toigo, Alessandro},
  journal={Physical Review A},
  volume={98},
  number={1},
  pages={012126},
  year={2018},
  publisher={APS},
  doi={10.1103/PhysRevA.98.012126}
}
