
@article{pisier2003noncommutative,
  title={Non-commutative Lp-spaces},
  author={G. Pisier and Q. Xu},
  journal={Handbook of the geometry of Banach spaces},
  volume={2},
  pages={1459--1517},
  year={2003}
}


