@article{gour2019theentanglement,
  title={The entanglement of a bipartite channel},
  author={Gour, Gilad and Scandolo, Carlo Maria},
  journal={arXiv preprint arXiv:1907.02552},
  year={2019}
}
