@article{gour2018quantum,
  title={{Quantum majorization and a complete set of entropic conditions for quantum thermodynamics}},
  author={G. Gour and D. Jennings and F. Buscemi and R. Duan and I. Marvian},
  journal={Nature Communications},
  volume={9},
  Article-number={5352},
  year={2018}
}



