@incollection{liese2008fdivergences,
  booktitle={Advances in Inequalities from Probability Theory and Statistics}
  title={f-divergences: Sufficiency, deficiency and testing of hypotheses},
  author={Liese, Friederich and Vajda, Igor},
  journal={Advances in Inequalities from Probability Theory and Statistics},
  pages={113--158},
  year={2008},
  series={Advances in mathematical inequalities},
  publisher={Nova Science Publishers, New York}
}


