@article{bluhm2021maximal,
  title={Maximal violation of steering inequalities and the matrix cube},
  author={Bluhm, Andreas and Nechita, Ion},
  journal={arXiv preprint arXiv:2105.11302},
  year={2021}
}

