@article{lin2015investigating,
  title={Investigating properties of a family of quantum {R{\'e}nyi} divergences},
  author={Lin, Simon M and Tomamichel, Marco},
  journal={Quantum Information Processing},
  volume={14},
  number={4},
  pages={1501--1512},
  year={2015},
  publisher={Springer},
  doi={10.1007/s11128-015-0935-y}
}

