@article{mullerlennert2013onquantum,
Author={M. M\" uller-Lennert and F. Dupuis and O. Szehr and S. Fehr and M. Tomamichel},
Title={{On quantum R\'enyi entropies: a new generalization and some properties}},
Journal={{J. Math. Phys.}},
Year={{2013}},
Volume={{54}},
Pages={{122203}},
eprint={arXiv:1306.3142 [quant-ph]},
}

