@article{datta2016second,
  title={Second-order asymptotics for quantum hypothesis testing in settings beyond iidâ€”quantum lattice systems and more},
  author={Datta, Nilanjana and Pautrat, Yan and Rouz{\'e}, Cambyse},
  journal={Journal of Mathematical Physics},
  volume={57},
  number={6},
  year={2016},
  publisher={AIP Publishing},
  doi={10.1063/1.4953582}
}


