@article{jencova2022spectral,
  title={Spectral resolutions in effect algebras},
  author={Jen{\v{c}}ov{\'a}, Anna and Pulmannov{\'a}, Sylvia},
  journal={Quantum},
  volume={6},
  pages={849},
  year={2022},
  publisher={Verein zur F{\"o}rderung des Open Access Publizierens in den Quantenwissenschaften},
  doi={10.22331/q-2022-11-03-849}
}

