@misc{verhagen2024matrix,
      title={Matrix majorization in large samples with varying support restrictions}, 
      author={Frits Verhagen and Marco Tomamichel and Erkka Haapasalo},
      year={2024},
      eprint={2407.16581},
      archivePrefix={arXiv},
      primaryClass={math.ST},
      url={https://arxiv.org/abs/2407.16581}, 
}

