@article{Geng2020WhatAT,
  title={What are the minimal conditions required to define a SIC POVM?},
  author={Isabelle Jianing Geng and K. Golubeva and G. Gour},
  journal={ArXiv},
  year={2020},
  volume={abs/2007.10483}
}