@article{kadison1952ageneralized,
  title={A Generalized {S}chwarz Inequality and Algebraic Invariants for Operator Algebras},
  author={Richard V. Kadison},
  journal={Annals of Mathematics},
  volume={56},
  pages={494-503},
  year={1952},
  doi={10.2307/1969657},
}

