@article{matsumoto2010reverse,
  title={Reverse test and characterization of quantum relative entropy},
  author={Matsumoto, Keiji},
  journal={arXiv preprint arXiv:1010.1030},
  year={2010}
}

