@misc{dallarno2019extension,
    title={Extension of the Alberti-Ulhmann criterion beyond qubit dichotomies},
    author={Michele Dall'Arno and Francesco Buscemi and Valerio Scarani},
    year={2019},
    eprint={1910.04294},
    archivePrefix={arXiv},
    primaryClass={quant-ph}
}

