@misc{simmons2022higher,
      title={Higher-order causal theories are models of BV-logic}, 
      author={Will Simmons and Aleks Kissinger},
      year={2022},
      eprint={2205.11219},
      archivePrefix={arXiv},
      primaryClass={cs.LO},
      url={https://arxiv.org/abs/2205.11219}, 
}
