@article{kribs2019quantum,
  title={Quantum complementarity and operator structures},
  author={Kribs, DW and Pereira, Rajesh and Levick, Jeremy and Rahaman, Mizanur and Nelson, Mike I},
  journal={Quantum Information \& Computation},
  volume={19},
  number={1-2},
  pages={67--83},
  year={2019},
  publisher={Rinton Press, Incorporated Paramus, NJ},
  doi={10.26421/QIC19.1-2-5}
}

