@article{araki1973relative,
  title={Relative Hamiltonian for faithful normal states of a von Neumann algebra},
  author={Araki, Huzihiro},
  journal={Publications of the Research Institute for Mathematical Sciences},
  volume={9},
  number={1},
  pages={165--209},
  year={1973}
}
