@article{beigi2013sandwiched,
  title={Sandwiched {R{\'e}nyi} divergence satisfies data processing inequality},
  author={Beigi, Salman},
  journal={Journal of Mathematical Physics},
  volume={54},
  number={12},
  year={2013},
  publisher={AIP Publishing},
doi={10.1063/1.4838855}   
}

