
@book{tomamichel2015quantum,
  title={Quantum Information Processing with Finite Resources: Mathematical Foundations},
  author={Tomamichel, Marco},
  volume={5},
  year={2015},
  publisher={Springer}
}
