@book{paulsen2002completely,
  title={Completely bounded maps and operator algebras},
  author={Paulsen, Vern},
  year={2002},
  address={Cambridge},
  publisher={Cambridge University Press}
}

