@article{hardy2001quantum,
  title={Quantum theory from five reasonable axioms},
  author={Hardy, Lucien},
  journal={arXiv preprint quant-ph/0101012},
  year={2001}
}
