@article{kuramochi2018quantum,
  title={Quantum incompatibility of channels with general outcome operator algebras},
  author={Kuramochi, Yui},
  journal={Journal of Mathematical Physics},
  volume={59},
  number={4},
  pages={042203},
  year={2018},
  publisher={AIP Publishing LLC},
  doi={ https://doi.org/10.1063/1.5008300}
}

