@article{plavala2021incompatibility,
	authors={M. Pl{\'a}vala},
	title={Incompatibility in restricted operational theories: connecting contextuality and steering},
	year={2022},
	journal={J. Phys. A: Math. Theor.},
	volume={55},
	pages={174001},
	doi={https://doi.org/10.1088/1751-8121/ac5afe}
}
