@article{petz1986quasi,
  title={Quasi-entropies for finite quantum systems},
  author={Petz, D{\'e}nes},
  journal={Reports on Mathematical Physics},
  volume={23},
  number={1},
  pages={57--65},
  year={1986},
  publisher={Elsevier}
}


