@article{christandl2017relative,
  title={Relative entropy bounds on quantum, private and repeater capacities},
  author={Christandl, Matthias and M{\"u}ller-Hermes, Alexander},
  journal={Communications in Mathematical Physics},
  volume={353},
  pages={821--852},
  year={2017},
  publisher={Springer},
  doi={10.1007/s00220-017-2885-y}
}


