@article{foulis2017every,
  title={Every synaptic algebra has the monotone square root property},
  author={Foulis, David J and Jen{\v{c}}ov{\'a}, Anna and Pulmannov{\'a}, Sylvia},
  journal={Positivity},
  volume={21},
  number={3},
  pages={919--930},
  year={2017},
  publisher={Springer}
}

