@misc{gao2023sufficient,
  title={Sufficient statistic and recoverability via {Quantum Fisher Information} metrics},
  author={Gao, Li and Li, Haojian and Marvian, Iman and Rouz{\'e}, Cambyse},
  howpublished={arXiv:2302.02341},
  year={2023},
  doi={10.48550/arXiv.2302.02341}
}
