@article{gour2019howto,
  title={How to Quantify a Dynamical Quantum Resource.},
  author={G. Gour and A. Winter},
  journal={Physical review letters},
  year={2019},
  volume={123 15},
  pages={150401}
}


