@article{fritz2017resource,
  title={Resource convertibility and ordered commutative monoids},
  author={Fritz, Tobias},
  journal={Mathematical Structures in Computer Science},
  volume={27},
  number={6},
  pages={850--938},
  year={2017},
  publisher={Cambridge University Press}
}

