@book{zalinescu2002convex,
  title={Convex Analysis in General Vector Spaces},
  author={C. Zalinescu},
  year={2002},
  publisher={World scientific},
  address={Singapore}
}

