@article{pistone1995infinite,
  title={An infinite-dimensional geometric structure on the space of all the probability measures equivalent to a given one},
  author={Pistone, Giovanni and Sempi, Carlo},
  journal={The annals of statistics},
  pages={1543--1561},
  year={1995},
  publisher={Institute of Mathematical Statistics}
  doi={https://doi.org/10.1214/aos/1176324311}
}

