@article{accardi1982conditional,
  title={Conditional Expectations in von {Neumann} Algebras and a Theorem of {T}akesaki},
  author={Accardi, Luigi and Cecchini, Carlo},
  journal={Journal  of Functional Analysis},
  volume={45},
  pages={245--273},
  year={1982},
  doi={10.1016/0022-1236(82)90022-2)
}


