@article{dallarno2018data,
  title={Data-Driven Inference, Reconstruction, and Observational Completeness of Quantum Devices},
  author={Dall'Arno, Michele and Buscemi, Francesco and Bisio, Alessandro and Tosini, Alessandro},
  journal={arXiv preprint arXiv:1812.08470},
  year={2018}
}

