@article{jencova2003flat,
  title={Flat connections and Wigner-Yanase-Dyson metrics},
  author={A. Jencov{\'a}},
  journal={Reports on Mathematical Physics},
  year={2003},
  volume={52},
  pages={331-351}
}
