@article{hoffreumon2022projective,
title={Projective characterization of higher-order quantum transformations},
  author={Hoffreumon, Timoth{\'e}e and Oreshkov, Ognyan},
  journal={arXiv preprint arXiv:2206.06206},
  year={2022}
}

