@article{chiribella2009theoretical,
   title={Theoretical framework for quantum networks},
   volume={80},
   ISSN={1094-1622},
   url={http://dx.doi.org/10.1103/PhysRevA.80.022339},
   DOI={10.1103/physreva.80.022339},
   number={2},
   journal={Physical Review A},
   publisher={American Physical Society (APS)},
   author={Chiribella, Giulio and Dâ€™Ariano, Giacomo Mauro and Perinotti, Paolo},
   year={2009},
   month={Aug}
}

