@article{pfanzagl1974acharacterization,
  title={A characterization of sufficiency by power functions},
  author={Pfanzagl, J},
  journal={Metrika},
  volume={21},
  number={1},
  pages={197--199},
  year={1974},
  publisher={Springer},
  doi={10.1007/BF01893900}
}
