@article{Foulis2015APA,
  title={A projection and an effect in a synaptic algebra},
  author={D. Foulis and A. Jencov{\'a} and S. Pulmannov{\'a}},
  journal={arXiv: Functional Analysis},
  year={2015}
}