@article{grasselli2010dual,
  title={Dual connections in nonparametric classical information geometry},
  author={Grasselli, Matheus R},
  journal={Annals of the Institute of Statistical Mathematics},
  volume={62},
  number={5},
  pages={873--896},
  year={2010},
  publisher={Springer}
}

@article{grasselli2010dualv1,
  title={Dual connections in nonparametric classical information geometry},
  author={Grasselli, Matheus R},
  journal={Annals of the Institute of Statistical Mathematics},
  volume={62},
  number={5},
  pages={873--896},
  year={2010},
  publisher={Springer},
  note={previous version of this paper: arxiv:math-ph/0104031v1, 2001}
}
