@misc{plavala2022contextuality,

author = {Pl{\'a}vala, M. and G{\"u}hne, O.},
title = {Contextuality as a precondition for entanglement},
howpublished = {arXiv:2209.09942},
year = {2022},
url = {https://arxiv.org/abs/2209.09942}
}
