@misc{terp1981lpspaces,
Author = {M. Terp},
Title = {{$L_p$ spaces associated with von Neumann algebras}}, 
Howpublished = {{Notes, Copenhagen University}},
Year = {{1981}}
}

