@article{heinosaari2022dispensing,
  title={Dispensing of quantum information beyond no-broadcasting theorem--is it possible to broadcast anything genuinely quantum?},
  author={Heinosaari, Teiko and Pl{\'a}vala, Martin},
  journal={arXiv preprint arXiv:2208.10341},
  year={2022}
}

