@misc{liu2019resource,
    title={Resource theories of quantum channels and the universal role of resource erasure},
    author={Zi-Wen Liu and Andreas Winter},
    year={2019},
    eprint={1904.04201},
    archivePrefix={arXiv},
    primaryClass={quant-ph}
}

