@article{leppajarvi2021postprocessing,
  title={Postprocessing of quantum instruments},
  author={Lepp{\"a}j{\"a}rvi, Leevi and Sedl{\'a}k, Michal},
  journal={Physical Review A},
  volume={103},
  number={2},
  pages={022615},
  year={2021},
  publisher={APS}
}
