@article{jencova2016ontheconvex,
  title={On the convex structure of process positive operator valued measures},
  author={Jen{\v{c}}ov{\'a}, Anna},
  journal={Journal of Mathematical Physics},
  volume={57},
  number={1},
  pages={015207},
  year={2016},
  publisher={AIP Publishing LLC}
}

