@article{regula2022probabilistic,
  title={Probabilistic transformations of quantum resources},
  author={Regula, Bartosz},
  journal={Physical Review Letters},
  volume={128},
  number={11},
  pages={110505},
  year={2022},
  publisher={APS},
  doi={10.1103/PhysRevLett.128.110505}
  }
