@article{buscemi2019data,
  title={Data-driven inference of physical devices: theory and implementation},
  author={Buscemi, Francesco and Dallâ€™Arno, Michele},
  journal={New Journal of Physics},
  volume={21},
  number={11},
  pages={113029},
  year={2019},
  publisher={IOP Publishing}
}


