
@misc{jencova2014randomization,
Author = {A. Jen\v{c}ov\'{a}},
Title = {{Randomization theorems for quantum channels}}, 
Howpublished = {{arXiv:1404.3900}},
Year = {{2014}},
}

