@article{hiai2017different,
  title={Different quantum f-divergences and the reversibility of quantum operations},
  author={Hiai, Fumio and Mosonyi, Mil{\'a}n},
  journal={Reviews in Mathematical Physics},
  volume={29},
  number={07},
  pages={1750023},
  year={2017},
  publisher={World Scientific},
  doi={10.1142/S0129055X17500234}
}

