@article{jencova2002quantum,
  title={Quantum information geometry and standard purification},
  author={Jen{\v{c}}ov{\'a}, Anna},
  journal={Journal of Mathematical Physics},
  volume={43},
  number={5},
  pages={2187--2201},
  year={2002},
  publisher={American Institute of Physics}
}

