@article{calderon1964intermediate,
author = {Calder√≥n, A.},
journal = {Studia Mathematica},
number = {2},
pages = {113-190},
title = {Intermediate spaces and interpolation, the complex method},
volume = {24},
year = {1964},
}
