@article{hayashi2016correlation,
  title={Correlation detection and an operational interpretation of the R{\'e}nyi mutual information},
  author={Hayashi, Masahito and Tomamichel, Marco},
  journal={Journal of Mathematical Physics},
  volume={57},
  number={10},
  year={2016},
  publisher={AIP Publishing},
  doi={10.1063/1.4964755}
}



