@article{xu2007operator,
  title={Operator spaces and noncommutative Lp},
  author={Xu, Qunahua},
  journal={The part on non-commutative Lp-spaces. Lectures in the Summer School on Banach spaces and Operator spaces, Nankai University-China},
  year={2007}
}


