@article{cavalcanti2022postquantum,
	authors={Cavalcanti, Paulo J and Selby, John H and Sikora, Jamie and Galley, Thomas D and Sainz, Ana Bel{\'e}n},
	title={ost-quantum steering is a stronger-than-quantum resource for information processing},
	year={2022},
	journal={npj Quantum Information},
	volume={8},
	article-number={76},
	doi={https://doi.org/10.1038/s41534-022-00574-8}
}
