@article{foulis2008spectral,
  title={Spectral resolution in an order-unit space},
  author={{David J. Foulis, Sylvia Pulmannov{\'a}}},
  journal={Reports on Mathematical Physics},
  volume={62},
  pages={323-344},
  year={2008},
  doi={10.1016/S0034-4877(09)00004-4}
}
