@article{zhang2020equality,
  journal={Journal of Mathematical Physics},
  title={Equality conditions of data processing inequality for $\alpha$-z {R}{\'e}nyi relative entropies},
  author={Zhang, Haonan},
  volume={61},
  number={10},
  year={2020},
  publisher={AIP Publishing},
  doi={10.1063/5.0022787}
}
