% Books

@book{Benatti-QuantumSystems-2009,
	address = {},
	publisher = {Springer},
	author = {Benatti, F.},
	title = {Dynamics, Information and Complexity in Quantum Systems},
	year = {2009},
	volume = {},
	series = {},
	edition = {},
	pages = {},
	month = {},
	doi={}
}

@book{Bhatia-MatrixAnalysis-1997,
	address = {},
	publisher = {Springer Science $\&$ Business Media},
	author = {Bhatia, R.},
	title = {Matrix Analysis},
	year = {1997},
	volume = {169},
	series = {},
	edition = {},
	pages = {},
	month = {},
	doi={10.1007/978-1-4612-0653-8}
}

@book{BratelliRobinson-OperatorAlgebras-1979,
	address = {},
	publisher = {Springer},
	author = {Bratelli, O. and Robinson, D. W.},
	title = {Operator Algebras and Quantum Statistical Mechanics 1},
	year = {1979},
	volume = {},
	series = {Texts and Monographs in Physics},
	edition = {},
	pages = {},
	month = {},
	doi={}
}

@book{Carlen-TraceInequalities-2009,
	address = {},
	publisher = {},
	author = {Carlen, E. A.},
	title = {Trace Inequalities and Quantum Entropy: An Introductory Course},
	year = {2009},
	journal  = {},
	volume = {529},
	edition={R. Sims and D. Ueltschi (Eds.)},
	pages = {73--140},
	month = {},
	doi={}
}



@book{DobrushinShlosman-UniquenessGibbsField-1985,
	address = {},
	publisher = {Birkhäuser, Boston, MA},
	author = {Dobrushin, R. L. and Shlosman, S.},
	title = {Constructive criterion for the uniqueness of {Gibbs} fields},
	year = {1985},
	series = {Fritz J., Jaffe A., Szász D. (eds) Statistical Physics and Dynamical Systems. Progress in Physics},
	edition = {},
	volume = {10},
	number = {},
	pages = {347--370},
	month = {},
	doi={}
}

@book{HiaiPetz-MartixAnalysis-2014,
	address = {},
	publisher = {Springer},
	author = {Hiai, F. and Petz, D.},
	title = {Introduction to Matrix Analysis and Applications},
	year = {2014},
	volume = {},
	series = {},
	edition = {},
	pages = {},
	month = {}
}

@misc{khatri2020principles,
      title={Principles of Quantum Communication Theory: A Modern Approach}, 
      author={Sumeet Khatri and Mark M. Wilde},
      year={2020},
      eprint={2011.04672},
      archivePrefix={arXiv},
      primaryClass={quant-ph}
}

@Book{Petz2008,
  title     = {Quantum Information Theory and Quantum Statistics},
  publisher = {Springer},
  year      = {2008},
  author    = {D{\'e}nes Petz},
}

@book{Takesaki-OperatorAlgebras-2003,
	address = {},
	publisher = {Springer Berlin Heidelberg},
	author = {Takesaki, M.},
	title = {Theory of Operator Algebras II},
	year = {2003},
	volume = {125},
	series = {Encyclopaedia of Mathematical Sciences},
	edition = {},
	pages = {},
	month = {}
}

@book{Tomamichel_2016,
	doi = {10.1007/978-3-319-21891-5 },
	url = {https://doi.org/10.1007%2F978-3-319-21891-5},
	year = 2016,
	publisher = {Springer International Publishing},
	author = {Marco Tomamichel},
	title = {Quantum Information Processing with Finite Resources}
}

@book{Watrous-QuantumInformation-2018,
	address = {},
	publisher = {Cambridge University Press},
	author = {Watrous, J.},
	title = {The Theory of Quantum Information},
	year = {2018},
	volume = {},
	series = {},
	edition = {},
	pages = {},
	month = {},
	doi={}
}

@book{WildeFromClassicalToQuantumInformation_2016,
  title={Quantum Information Theory},
  author={Wilde, M. M.},
  year={2016},
  doi = {10.1017/9781316809976.001},
  publisher={Cambridge University Press}
}



% Articles

@article{AlickiFannes-2004,
	address = {},
	publisher = {},
	author = {Alicki, R. and Fannes, M.},
	title = {Continuity of quantum conditional information},
	year = {2004},
	journal  = {J. Phys. A: Math. Gen.},
	volume  = {37},
	number = {5},
	pages = {L55--L57},
	month = {},
	doi={10.1088/0305-4470/37/5/L01}
}

@Article{Araki-Gibbs-states-1D-1969,
  author  = {Araki, H.},
  title   = {{Gibbs} states of the one-dimensional quantum spin chain},
  journal = {Communications in Mathematical Physics},
  year    = {1969},
  volume  = {14},
  number  = {},
  pages   = {120--157},
}

@article{arveson1969subalgebras,
  title={Subalgebras of {C*}-algebras},
  author={Arveson, William B},
  journal={Acta Mathematica},
  volume={123},
  number={1},
  pages={141--224},
  year={1969},
  publisher={Springer},
  doi={https://doi.org/10.1007/BF02392388}
}


@article{AudenaertDatta-Renyi-entropies-2015,
	address = {},
	publisher = {},
	author = {Audenaert, K. and Datta, N.},
	title = {$\alpha$-$z$-Rényi relative entropies},
	year = {2015},
	journal = {J. Math. Phys.},
	volume = {56},
	pages = {022202},
	month = {},
	doi={}
}

@article{Audenaert-ContinuityEstimateEntropy-2007,
	address = {},
	publisher = {},
	author = {Audenaert, K. M. R.},
	title = {A sharp continuity estimate for the {von Neumann} entropy},
	year = {2007},
	journal = {J. Phys. A: Math. Theor.},
	volume = {40},
    number = {28},
	pages = {8127},
	month = {},
	doi={}
}

@article{BardetCapelRouze-ApproximateTensorization-2020,
	title={Approximate tensorization of the relative entropy for noncommuting conditional expectations},
	author={Bardet, I. and Capel, {\'A}. and Rouz{\'e}, C.},
	journal={Ann. Henri Poincar\'e},
	volume = {23},
	pages ={101-140},
	year={2021}
}


@article{BardetCapelLuciaPerezGarciaRouze-HeatBath1DMLSI-2019,
	title={On the modified logarithmic {S}obolev inequality for the heat-bath dynamics for 1{D} systems},
	author={Bardet, I. and Capel, {\'A}. and Lucia, A. and P{\'e}rez-Garc{\'\i}a, D. and Rouz{\'e}, C.},
	journal={J. Math. Phys.},
	volume={62},
	number={6},
	pages={061901},
	year={2021}
}

@article{bardet2021entropy,
	title={Entropy decay for {Davies} semigroups of a one dimensional quantum lattice},
	author={Bardet, Ivan and Capel, {\'A}ngela and Gao, Li and Lucia, Angelo and P{\'e}rez-Garc{\'\i}a, David and Rouz{\'e}, Cambyse},
	journal={arXiv preprint arXiv:2112.00601},
	year={2021}
}

@article{bardet2023rapid,
	title={Rapid thermalization of spin chain commuting {Hamiltonians}},
	author={Bardet, Ivan and Capel, {\'A}ngela and Gao, Li and Lucia, Angelo and P{\'e}rez-Garc{\'\i}a, David and Rouz{\'e}, Cambyse},
	journal={Phys. Rev. Lett.},
    volume = {130},
    pages = {060401},
	year={2023}
}

@article{BeigiDattaRouze-ReverseHypercontractivity-2018,
	address = {},
	publisher = {},
	author = {Beigi, S. and Datta, N. and Rouzé, C.},
	title = {Quantum reverse hypercontractivity: its tensorization and application to strong converses},
	year = {2018},
	journal  = {preprint},
	volume = {arxiv:1804.10100},
	pages = {},
	month = {},
	doi={}
}

@article{Beigi2022,
  author = {Beigi, Salman and Goodarzi, Milad M.},
  title = {Operator-valued {Schatten} spaces and quantum entropies},
  journal = {arXiv preprint, arXiv:2207.06693 },
  year = {2022},
}

@article{BelavkinStaszewski-BSentropy-1982,
	address = {},
	publisher = {},
	author = {Belavkin, V. P. and Staszewski, P.},
	title = {{$C^*$}-algebraic generalization of relative entropy and entropy},
	year = {1982},
	journal  = {Ann. Inst. Henri Poincaré, section A},
	volume = {37},
	number= {1},
	pages = {51--58},
	month = {},
	doi={}
}

@article{BertaLemmWilde-MonotonicityRE-2015,
	address = {},
	publisher = {},
	author = {Berta, M. and Lemm, M. and Wilde, M. M.},
	title = {Monotonicity of quantum relative entropy and recoverability},
	year = {2015},
	journal  = {Quantum Inf. Comput.},
	volume = {15-16},
	pages = {1333--1354},
	month = {},
	doi={}
}

@article{BertaBrandaoHirche-HypothesisTesting-2017,
	address = {},
	publisher = {},
	author = {Berta, M. and Brandao, F. G. S. L. and Hirche, C.},
	title = {On composite quantum hypothesis testing},
	year = {2017},
	journal  = {preprint},
	volume = {arXiv:1709.07268},
	pages = {},
	month = {},
	doi={}
}

@article{BluhmCapel-BSentropy-2019,
  author  = {Bluhm, A. and Capel, {\'A}.},
  title   = {{A strengthened data processing inequality for the Belavkin-Staszewski relative entropy}},
  journal = {Rev. Math. Phys.},
  year    = {2020},
  volume  = {32},
  number  = {2},
  pages   = {2050005},
}

@article{BluhmCapelPerezHernandez-WeakQFBSentropy-2021,
	address = {},
	publisher = {},
	author = {Bluhm, A. and Capel, A. and Pérez-Hernández, A.},
	title = {{Weak Quasi-Factorization for the Belavkin-Staszewski relative entropy}},
  journal = {IEEE International Symposium on Information Theory (to appear)},
  year    = {2021},
  volume  = {},
  number  = {},
  pages   = {},
}


@article{BluhmCapelPerezHernandez-ExpDecayMI-2021,
	title={Exponential decay of mutual information for {Gibbs} states of local {Hamiltonians}},
	author={Bluhm, Andreas and Capel, {\'A}ngela and P{\'e}rez-Hern{\'a}ndez, Antonio},
	journal={Quantum},
	volume={6},
	pages={650},
	year={2022},
	publisher={Verein zur F{\"o}rderung des Open Access Publizierens in den Quantenwissenschaften}
}

@article{BluhmCapelPerezHernandez-DecayCorrelationsHighD-2023,
	title={Decay of correlations for {Gibbs} states of local {Hamiltonians} in high dimensions},
	author={Bluhm, Andreas and Capel, {\'A}ngela and P{\'e}rez-Hern{\'a}ndez, Antonio},
	journal={In preparation},
	volume={},
	pages={},
	year={2022},
	publisher={}
}

@article{BluhmCapelGondolfPerezHernandez-ContinuityBounds-2022,
  author = {Bluhm, A. and Capel, A. and Gondolf, P. and Pérez-Hernández, A.},
  title = {Continuity bounds for quantum entropic quantities via almost convexity},
  journal = {IEEE Trans. Inf. Theory (to appear)},
  year = {2023}
}

@article{Bourin2007,
  doi = {10.48550/ARXIV.MATH/0702475 },
  url = {https://arxiv.org/abs/math/0702475},
  author = {Bourin, Jean-Christophe and Uchiyama, Mitsuru},
  title = {A matrix subadditivity inequality for $f(A+B)$ and $f(A)+f(B)$},
  journal = {Linear Algebra Appl.},
  year = {2007},
  volume = {423},
  pages ={512--518},
  copyright = {Assumed arXiv.org perpetual, non-exclusive license to distribute this article for submissions made before January 2004}
}

@article{carbone2020onperiod,
  title={{On period, cycles and fixed points of a quantum channel}},
  author={Carbone, Raffaella and Jen{\v c}ov{\'a}, Anna},
  journal={Annales Henri Poincaré},
  volume={21},
  pages={155–188},
  year={2020},
  doi={https://doi.org/10.1007/s00023-019-00861-9}
}

@article{cheng2023tight,
  title={Tight One-Shot Analysis for Convex Splitting with Applications in Quantum Information Theory},
  author={Cheng, Hao-Chung and Gao, Li},
  journal={arXiv preprint arXiv:2304.12055},
  year={2023}
}

@article{cheng2023quantum,
  title={Quantum Broadcast Channel Simulation via Multipartite Convex Splitting},
  author={Cheng, Hao-Chung and Gao, Li and Berta, Mario},
  journal={arXiv preprint arXiv:2304.12056},
  year={2023}
}

@article{DonaldHorodecki1999continuityREentanglement,
  title={Continuity of Relative Entropy of Entanglement},
  author={Donald, M. J. and Horodecki, M.},
  journal={Phys. Lett. A},
  volume={264},
  number={},
  pages={257-260},
  year={1999},
  doi={10.1016/S0375-9601(99)00813-0}
}

@article{Fannes-ContinuityEntropy-1973,
	address = {},
	publisher = {},
	author = {Fannes, M.},
	title = {A continuity property of the entropy density for spin lattice systems},
	year = {1973},
	journal  = {Commun. Math. Phys.},
	volume = {31},
	pages = {291--294},
	month = {},
	doi={}
}



@article{GaoWilde-Recoverabilityfdivergences-2021,
	address = {},
	publisher = {},
	author = {Gao, L. and Wilde, M.},
	title = {Recoverability for optimized quantum $f$-divergences},
	year = {2021},
	journal  = {J. Phys. A: Math. Theor.},
	volume = {54},
    number = {38},
	pages = {385302},
	month = {},
	doi={}
}

@article{hayashi2016correlation,
  title={Correlation detection and an operational interpretation of the {R{\'e}nyi} mutual information},
  author={Hayashi, Masahito and Tomamichel, Marco},
  journal={Journal of Mathematical Physics},
  volume={57},
  pages={102201},
  year={2016},
  publisher={AIP Publishing LLC}
}

@article{HaydenJozsaPetzWinter-StrongSubadditivity-2004,
	address = {},
	publisher = {},
	author = {Hayden, P. and Jozsa, R. and Petz, D. and Winter, A.},
	title = {Structure of states which satisfy strong subadditivity of quantum entropy with equality},
	year = {2004},
	journal  = {Commun. Math. Phys.},
	volume = {246},
	pages = {359--374},
	month = {},
	doi={}
}

@article{HiaiMosonyi-f-divergences-2017,
	address = {},
	publisher = {},
	author = {Hiai, F. and Mosonyi, M.},
	title = {Different quantum f-divergencies and the reversibility of quantum operations},
	year = {2017},
	journal  = {Rev. Math. Phys.},
	volume={29},
	number = {7},
	pages = {1750023},
	month = {},
	doi={}
}

@Article{Jencova2009,
  author  = {Jencov\'a, A. and Petz, D. and Pitrik, J.},
  title   = {Markov triplets on {CCR}-algebras},
  journal = {Acta Sci. Math.},
  year    = {2009},
  volume  = {76},
  pages   = {27--50},
}

@article{Kosaki-noncommLp-1984,
	address = {},
	publisher = {},
	author = {Kosaki, H.},
	title = {Application of the complex interpolation method to a {von Neumann} algebra: non-commutative $\mathbb{L}_p$-spaces},
	year = {1984},
	journal  = {J. Funct. Anal.},
	volume = {56},
	pages = {29--78},
	month = {},
	doi={10.1016/0022-1236(84)90025-9}
}

@article{LiebRuskai-Subadditivity-1973,
	address = {},
	publisher = {},
	author = {Lieb, E. H. and Ruskai, M. B.},
	title = {Proof of the strong subadditivity of quantum mechanical entropy},
	year = {1973},
	journal  = {J. Math. Phys.},
	volume = {14},
	pages = {1938--1941},
	month = {},
	doi={10.1063/1.1666274}
}

@Article{Junge2018,
  author  = {Junge, M. and Renner, R. and Sutter, D. and Wilde, M. M. and Winter, A.},
  title   = {Universal recovery maps and approximate sufficiency of quantum relative entropy},
  journal = {Ann. Henri Poincar{\'e}},
  year    = {2018},
  volume  = {19},
  number  = {10},
  pages   = {2955--2978},
}

@Article{Sutter2017b,
  author  = {Sutter, D. and Berta, M. and Tomamichel, M.},
  title   = {Multivariate trace inequalities},
  journal = {Commun. Math. Phys.},
  year    = {2017},
  volume  = {352},
  number  = {1},
  pages   = {37--58},
}

@Article{Fawzi2015,
  author  = {Fawzi, O. and Renner, R.},
  title   = {Quantum conditional mutual information and approximate {Markov} chains},
  journal = {Commun. Math. Phys.},
  year    = {2015},
  volume  = {340},
  number  = {2},
  pages   = {575--611},
}

@article{CarlenVershynina-Stability-DPI-RE-2017,
	address = {},
	publisher = {},
	author = {Carlen, E. A. and Vershynina, A.},
	title = {Recovery map stability for the data processing inequality},
	year = {2020},
	journal  = {J. Phys. A: Math. Theor.},
    number = {3},
	volume = {53},
	pages = {035204},
	month = {},
	doi={}
}

@article{mosonyi2011quantum,
  title={On the quantum {R{\'e}nyi} relative entropies and related capacity formulas},
  author={Mosonyi, Mil{\'a}n and Hiai, Fumio},
  journal={IEEE Trans. Inf. Theory},
  volume={57},
  number={4},
  pages={2474--2487},
  year={2011},
  publisher={IEEE}
}

@ARTICLE{marwah2022,
       author = {{Marwah}, Ashutosh and {Dupuis}, Fr{\'e}d{\'e}ric},
        title = "{Uniform continuity bound for sandwiched R{\'e}nyi conditional entropy}",
      journal = {J. Math. Phys.},
      volume = {63},
      pages = { 052201},
         year = 2022,
}

@article{mccarthy1967cp,
  title={$C_p$},
  author={McCarthy, C. A.},
  journal={Israel J. Math.},
  volume={5},
  pages={249--271},
  year={1967},
  publisher={}
}

@article{muller2013quantum,
  title={On quantum {R{\'e}nyi} entropies: A new generalization and some properties},
  author={M{\"u}ller-Lennert, Martin and Dupuis, Fr{\'e}d{\'e}ric and Szehr, Oleg and Fehr, Serge and Tomamichel, Marco},
  journal={J. Math. Phys.},
  volume={54},
  pages={122203},
  year={2013},
  publisher={American Institute of Physics}
}

@article{Petz-MonotonicityRelativeEntropy-2003,
	address = {},
	publisher = {},
	author = {Petz, D.},
	title = {Monotonicity of quantum relative entropy revisited},
	year = {2003},
	journal  = {Rev. Math. Phys.},
	volume  = {15},
    number = {1},
	pages = {79--91},
	month = {},
	doi={}
}

@Article{Petz2003,
author = {Petz, Dénes},
title = {Monotonicity of quantum relative entropy revisited},
journal = {Reviews in Mathematical Physics},
volume = {15},
number = {1},
pages = {79-91},
year = {2003},
doi = {10.1142/S0129055X03001576}
}

@article{Petz-SufficiencyChannels-1978,
	address = {},
	publisher = {},
	author = {Petz, D.},
	title = {Sufficiency of channels over {von Neumann} algebras},
	year = {1978},
	journal  = {Q. J. Math.},
	volume  = {39},
	pages = {97--108},
	month = {},
	doi={}
}

@article{Petz-SufficientSubalgebras-1986,
	address = {},
	publisher = {},
	author = {Petz, D.},
	title = {Sufficient subalgebras and the relative entropy of states of a {von Neumann} algebra},
	year = {1986},
	journal  = {Commun. Math. Phys.},
	volume  = {105},
	pages = {123--131},
	month = {},
	doi={}
}

@article{Petz-CharacterizationRelativeEntropy-1992,
	address = {},
	publisher = {},
	author = {Petz, D.},
	title = {Characterization of the relative entropy of states of matrix algebras},
	year = {1992},
	journal  = {Acta Math. Hung.},
	volume  = {59},
	pages = {449--455},
	month = {},
	doi={}
}


@article{Powers.1970,
  doi = {10.1007/BF01645492},
  author = {Powers, Robert T. and Størmer, Erling},
  title = {Free states of the canonical anticommutation relations},
  journal = {Communications in Mathematical Physics},
  year = {1970},
  volume = {16}
}

@article{Shirokov-AFWmethod-2020,
	address = {},
	publisher = {},
	author = {Shirokov, M. E.},
	title = {Advanced {Alicki-Fannes-Winter} method for energy-constrained quantum systems and its use},
	year = {2020},
	journal  = {Quantum Inf. Process.},
	volume  = {19},
	pages = {164},
	month = {},
	doi={10.1007/s11128-020-2581-2}
}

@article{Shirokov-ContinuityReview-2022,
	address = {},
	publisher = {},
	author = {Shirokov, M. E.},
	title = {Quantifying continuity of characteristics of composite quantum systems},
	year = {2023},
	journal  = {Phys. Scr.},
	volume  = {98},
    number = {4},
	pages = {042002},
	month = {},
	doi={}
}

@article{Shirokov_Mutual_Information,
	doi = {10.1063/1.4987135},
	url = {https://doi.org/10.1063%2F1.4987135},
	year = 2017,
	publisher = {{AIP} Publishing},
	volume = {58},
	number = {10},
	pages = {102202},
	author = {M. E. Shirokov},
	title = {Tight uniform continuity bounds for the quantum conditional mutual information, for the {Holevo} quantity, and for capacities of quantum channels},
	journal = {J. Math. Phys.}
}

@article{synak2006asymptotic,
  title={On asymptotic continuity of functions of quantum states},
  author={Synak-Radtke, Barbara and Horodecki, Micha{\l}},
  journal={J. Phys. A: Math. Gen.},
  volume={39},
  number={26},
  pages={L423},
  year={2006},
  publisher={IOP Publishing}
}

@article{Umegaki-RelativeEntropy-1962,
	address = {},
	publisher = {},
	author = {Umegaki, H.},
	title = {Conditional expectation in an operator algebra {IV. E}ntropy and information},
	year = {1962},
	journal  = {Kodai Math. Sem. Rep. },
	volume  = {14},
	pages = {59--85},
	month = {},
	doi={10.2996/kmj/1138844604}
}

@article{Winter-AlickiFannes-2016,
	address = {},
	publisher = {},
	author = {Winter, A.},
	title = {Tight uniform continuity bounds for quantum entropies: conditional entropy, relative entropy distance and energy constraints},
	year = {2016},
	journal  = {Commun. Math. Phys. },
	volume  = {347},
	pages = {291--313},
	month = {},
	doi={10.1007/s00220-016-2609-8}
}


@article{Frenkel:2022pmh,
    author = "Frenkel, P\'eter E.",
    title = "{Integral formula for quantum relative entropy implies data processing inequality}",
    eprint = "2208.12194",
    archivePrefix = "arXiv",
    primaryClass = "quant-ph",
    doi = "10.22331/q-2023-09-07-1102",
    journal = "Quantum",
    volume = "7",
    pages = "1102",
    year = "2023"
}

@article{gondolf2024conditional,
  title={Conditional Independence of {1D Gibbs} States with Applications to Efficient Learning},
  author={Gondolf, Paul and Scalet, Samuel O and Ruiz-de-Alarcon, Alberto and Alhambra, Alvaro M and Capel, Angela},
  journal={arXiv preprint arXiv:2402.18500},
  year={2024}
}

@article{bluhm2023general,
 title={General Continuity Bounds for Quantum Relative Entropies},
    author={Bluhm, Andreas and Capel, Angela and Gondolf, Paul and Pérez-Hernández, Antonio},
   journal={2023 IEEE International Symposium on Information Theory (ISIT)}, 
  year={2023},
  pages={162-167},
  doi={10.1109/ISIT54713.2023.10206734}}
}

@book{sutter2018approximate,
  title={Approximate quantum {Markov} chains},
  author={Sutter, David},
  year={2018},
  publisher={Springer}
}

@inproceedings{berta2022chain,
  title={Chain rules for quantum channels},
  author={Berta, Mario and Tomamichel, Marco},
  booktitle={2022 IEEE International Symposium on Information Theory (ISIT)},
  pages={2427--2432},
  year={2022},
  organization={IEEE}
}

@article{brown-2012,
	author = {Brown, Winton and Poulin, David},
	journal = {arXiv (Cornell University)},
	month = {1},
	title = {{Quantum Markov networks and commuting Hamiltonians}},
	year = {2012},
	doi = {10.48550/arxiv.1206.0755},
	url = {https://arxiv.org/abs/1206.0755},
}

@book{bhatia-2013,
	author = {Bhatia, Rajendra},
	month = {12},
	publisher = {Springer Science \& Business Media},
	title = {{Matrix analysis}},
	year = {2013},
}