@article{hayden2004structure,
  title={Structure of states which satisfy strong subadditivity of quantum entropy with equality},
  author={Hayden, Patrick and Jozsa, Richard and Petz, Denes and Winter, Andreas},
  journal={Communications in mathematical physics},
  volume={246},
  pages={359--374},
  year={2004},
  publisher={Springer},
  doi={10.1007/s00220-004-1049-z}
}
