@article{grinko2024oncompatibility,
}