@article{mosonyi2021strong,
  title={The strong converse exponent of discriminating infinite-dimensional quantum states},
  author={Mosonyi, Mil{\'a}n},
  journal={arXiv preprint arXiv:2107.08036},
  year={2021}
}