@article{jencova2008markov,
	authors={A. Jencov√°,},
	year={2008},
	journal={arXiv preprint arXiv:0812.3724},
}