@article{dallarno2019device,
   title={Device-independent tests of quantum states},
   volume={99},
   ISSN={2469-9934},
   url={http://dx.doi.org/10.1103/PhysRevA.99.052353},
   DOI={10.1103/physreva.99.052353},
   number={5},
   journal={Physical Review A},
   publisher={American Physical Society (APS)},
   author={Dallâ€™Arno, Michele},
   year={2019},
   Article-Number={052353}
}

