@article{takakura2022convexity,
  title={Convexity and uncertainty in operational quantum foundations},
  author={Takakura, Ryo},
  journal={arXiv preprint arXiv:2202.13834},
  year={2022}
}

