@article{araujo2015witnessing,
  title={Witnessing causal nonseparability},
  author={Ara{\'u}jo, Mateus and Branciard, Cyril and Costa, Fabio and Feix, Adrien and Giarmatzi, Christina and Brukner, {\v{C}}aslav},
  journal={New Journal of Physics},
  volume={17},
  number={10},
  pages={102001},
  year={2015},
  publisher={IOP Publishing},
  doi={10.1088/1367-2630/17/10/102001}
}

