@book{strasser1985mathematical,
Author = {Strasser, Helmut}, 
Title = {{Mathematical Theory of Statistics}},
Publisher = {{de Gruyter}}, 
Address = {{Berlin, New York}}, 
Year = {{1985}},
doi={10.1515/9783110850826}
}


