@article{tomamichel2013ahierarchy,
  title={A hierarchy of information quantities for finite block length analysis of quantum tasks},
  author={Tomamichel, Marco and Hayashi, Masahito},
  journal={IEEE Transactions on Information Theory},
  volume={59},
  number={11},
  pages={7693--7710},
  year={2013},
  publisher={IEEE},
  doi={10.1109/TIT.2013.2276628}
}

