@article{haagerup2010reduction,
  title={{A reduction method for noncommutative 𝐿\_ $\{$𝑝$\}$-spaces and applications}},
  author={Haagerup, Uffe and Junge, Marius and Xu, Quanhua},
  journal={Transactions of the American Mathematical Society},
  volume={362},
  number={4},
  pages={2125--2165},
  year={2010}
}

