@article{Jencov2008MarkovTO,
  title={Markov triplets on CCR-algebras},
  author={A. Jencov{\'a} and D. Petz and J{\'o}zsef Pitrik},
  journal={arXiv: Quantum Physics},
  year={2008}
}