@misc{regula2022postselected,
      title={Postselected quantum hypothesis testing}, 
      author={Bartosz Regula and Ludovico Lami and Mark M. Wilde},
      year={2022},
      eprint={2209.10550},
      archivePrefix={arXiv},
      primaryClass={quant-ph},
      note={arXiv:2209.10550},
      url={https://arxiv.org/abs/2209.10550}
}
