
@article{chiribella2011informational,
Author={G. Chiribella and G. M. D'Ariano and P. Perinotti},
Title={{Informational derivation of Quantum Theory}},
Journal={{Phys. Rev. A}},
Year={{2011}},
Volume={{84}},
Pages={{012311}},
doi={10.1103/PhysRevA.84.012311}
}


