@article{arma1982positive,
Author={H. Araki and T. Masuda},
Title={{Positive cones and $L_p$-spaces for von Neumann algebras}},
Journal={{Publ. RIMS, Kyoto Univ.}},
Year={{1982}},
Volume={{18}},
Pages={{339â€“411}},
}


