@article{carbone2021absorption,
      title = {Absorption in Invariant Domains for Semigroups of Quantum Channels},
      author = {R. Carbone and F. Girotti},
      journal = {Annales Henri Poincar√©}
      year = 2021,
      volume = 22,
      pages = 2497--2530
    }

