@article{carlen2018recovery,
  title={Recovery and the data processing inequality for quasi-entropies},
  author={Carlen, Eric A and Vershynina, Anna},
  journal={IEEE Transactions on Information Theory},
  volume={64},
  number={10},
  pages={6929--6938},
  year={2018},
  publisher={IEEE},
  doi={10.1109/TIT.2018.2812038}
}
