@article{heinosaari2023dispensing,
doi = {10.1088/1751-8121/acbc5b},
year = {2023},
publisher = {IOP Publishing},
volume = {56},
number = {13},
pages = {135301},
author = {Teiko Heinosaari and Anna Jenčová and Martin Plávala},
title = {Dispensing of quantum information beyond no-broadcasting theorem—is it possible to broadcast anything genuinely quantum?},
journal = {Journal of Physics A: Mathematical and Theoretical},
}
