@article{foulis2015unitizations,
}