@article{luczak2015onageneral,
  title={{On a general concept of sufficiency in von Neumann algebras}},
  author={Andrzej {\L}uczak},
  journal={Probab. Math. Stat.},
  volume={35},
  pages={313-324},
  year={2015},
}


