@article{busch2008approximate,
  title={Approximate joint measurements of qubit observables},
  author={Busch, Paul and Heinosaari, Teiko},
  journal={Quantum Information \& Computation},
  volume={8},
  number={8},
  pages={797--818},
  year={2008},
  publisher={Rinton Press, Incorporated Paramus, NJ}
}
