@article{labuschagne2021vonneumann,
	authors={Labuschagne, L. E. & Blecher, D. P.},
	year={2021},
	journal={arXiv preprint arXiv:2101.04619},
}