@article{kaniowski2014cloning,
  author={Kaniowski, Krzysztof and Lubnauer, Katarzyna and ≈Åuczak, Andrzej},
  journal={Quarterly Journal of Mathematics}, 
  title={Cloning and broadcasting in operator algebras}, 
  year={2015},
  volume={66},
  number={1},
  pages={191-212},
  doi={10.1093/qmath/hau028}
  }
