@article{ku2022complete,
	authors={Huan-Yu Ku, Chung-Yun Hsieh, Shin-Liang Chen, Yueh-Nan Chen, Costantino Budroni},
	title={Complete classification of steerability under local filters and its relation with measurement incompatibility},
	year={2022},
	journal={Nature Communications},
	volume={13}, 
	article-number={4973},
	doi={https://doi.org/10.1038/s41467-022-32466-y}

}
