@article{hiai2023quantum,
  title={Quantum {R}{\'e}nyi divergences and the strong converse exponent of state discrimination in operator algebras},
  author={Hiai, Fumio and Mosonyi, Mil{\'a}n},
  journal={Annales Henri Poincar{\'e}},
  volume={24},
  number={5},
  pages={1681--1724},
  year={2023},
  publisher={Springer},
  doi={10.1007/s00023-022-01250-5}
}
