@article{dallarno2017device,
   title={Device-Independent Tests of Quantum Measurements},
   volume={118},
   ISSN={1079-7114},
   url={http://dx.doi.org/10.1103/PhysRevLett.118.250501},
   DOI={10.1103/physrevlett.118.250501},
   number={25},
   journal={Physical Review Letters},
   publisher={American Physical Society (APS)},
   author={Dallâ€™Arno, Michele and Brandsen, Sarah and Buscemi, Francesco and Vedral, Vlatko},
   year={2017},
   month={Jun},
   Article-Number={250501}
   }

