@article{fritz2017spectrahedral,
  title={Spectrahedral containment and operator systems with finite-dimensional realization},
  author={Fritz, Tobias and Netzer, Tim and Thom, Andreas},
  journal={SIAM Journal on Applied Algebra and Geometry},
  volume={1},
  number={1},
  pages={556--574},
  year={2017},
  publisher={SIAM}
}

