@article{jencova2012comparison,
  title={Comparison of quantum binary experiments},
  author={Jen{\v{c}}ov{\'a}, Anna},
  journal={Reports on Mathematical Physics},
  volume={70},
  number={2},
  pages={237--249},
  year={2012},
  publisher={Elsevier},
  doi={10.1016/S0034-4877(12)60043-3}
}

