@article{liese2006divergences,
  title={On divergences and informations in statistics and information theory},
  author={Liese, Friedrich and Vajda, Igor},
  journal={IEEE Transactions on Information Theory},
  volume={52},
  number={10},
  pages={4394--4412},
  year={2006},
  doi={10.1109/TIT.2006.881731},
  publisher={IEEE}
}
