@article{hiai2023equality,
  title={Equality cases in monotonicity of quasi-entropies, Lieb’s concavity and Ando’s convexity},
  author={Hiai, Fumio},
  journal={Journal of Mathematical Physics},
  volume={64},
  number={10},
  year={2023},
  publisher={AIP Publishing},
  doi=10.1063/5.0154271
}


@article{hiai2023equality,
	authors={F. Hiai,},
	year={2023},
	journal={Journal of Mathematical Physics, 64(10)},

}
