@article{van2020commutativity,
	authors={J. Wetering, de van},
	year={2020},
	journal={Journal of Pure and Applied Algebra, 224(11), 106407},
}