@article{jenča2017effect,
}