@article{gudder2004compressible,
  title={Compressible effect algebras},
  author={Gudder, Stan},
  journal={Reports on Mathematical Physics},
  volume={54},
  number={1},
  pages={93--114},
  year={2004},
  publisher={Elsevier}
}

