@article{kato2024aremark,
   title={A remark on non-commutative $L^p$-spaces},
   volume={275},
   ISSN={1730-6337},
   url={http://dx.doi.org/10.4064/sm230724-11-10},
   DOI={10.4064/sm230724-11-10},
   number={3},
   journal={Studia Mathematica},
   publisher={Institute of Mathematics, Polish Academy of Sciences},
   author={Kato, Shinya and Ueda, Yoshimichi},
   year={2024},
   pages={235â€“248} 
}
