
@article{foulis2004spectral,
  title={Spectral resolution in a Rickart comgroup},
  author={Foulis, David J},
  journal={Reports on Mathematical Physics},
  volume={54},
  number={2},
  pages={229--250},
  year={2004},
  publisher={Elsevier}
}
