
@incollection{chiribella2016quantum,
   author={G. Chiribella, G. M. Dâ€™Ariano, P. Perinotti},
   title={Quantum from Principles},
   booktitle={Quantum Theory: Informational Foundations and Foils},
   editor={G. Chiribella, R. Spekkens},
    url={http://dx.doi.org/10.1007/978-94-017-7303-4},
   DOI={10.1007/978-94-017-7303-4},
   series={Fundamental Theories of Physics},
   publisher={Springer Netherlands},
   year={2016}
}

