@article{carbone2016irreducible,
  title={Irreducible decompositions and stationary states of quantum channels},
  author={Carbone, Raffaella and Pautrat, Yan},
  journal={Reports on Mathematical Physics},
  volume={77},
  number={3},
  pages={293--313},
  year={2016},
  publisher={Elsevier}
}
