@article{heinosaari2016invitation,
  title={An invitation to quantum incompatibility},
  author={Heinosaari, Teiko and Miyadera, Takayuki and Ziman, M{\'a}rio},
  journal={Journal of Physics A: Mathematical and Theoretical},
  volume={49},
  number={12},
  pages={123001},
  year={2016},
  publisher={IOP Publishing},
  doi={10.1088/1751-8113/49/12/123001}
}


