@article{carmeli2019witnessing,
  title={Witnessing incompatibility of quantum channels},
  author={Carmeli, Claudio and Heinosaari, Teiko and Miyadera, Takayuki and Toigo, Alessandro},
  journal={Journal of Mathematical Physics},
  volume={60},
  number={12},
  pages={122202},
  year={2019},
  publisher={AIP Publishing LLC},
  doi={10.1063/1.5126496}
}

