@article{chiribella2008transforming,
   title={Transforming quantum operations: Quantum supermaps},
   volume={83},
   ISSN={1286-4854},
   url={http://dx.doi.org/10.1209/0295-5075/83/30004},
   DOI={10.1209/0295-5075/83/30004},
   number={3},
   journal={EPL (Europhysics Letters)},
   publisher={IOP Publishing},
   author={Chiribella, G. and Dâ€™Ariano, G. M. and Perinotti, P.},
   year={2008},
   month=jul, pages={30004} 
   }

