@article{grasselli2000quantum,
  title={The quantum information manifold for $\varepsilon$-bounded forms},
  author={Grasselli, MR and Streater, Raymond F},
  journal={Reports on Mathematical Physics},
  volume={46},
  number={3},
  pages={325--335},
  year={2000},
  publisher={Elsevier},
  doi={https://doi.org/10.1016/S0034-4877(00)90003-X}
}
