@article{nguyen2018quantum,
  title={Quantum steering with positive operator valued measures},
  author={Nguyen, H Chau and Milne, Antony and Vu, Thanh and Jevtic, Sania},
  journal={Journal of Physics A: Mathematical and Theoretical},
  volume={51},
  number={35},
  pages={355302},
  year={2018},
  publisher={IOP Publishing}
}
