@article{carmeli2022quantum,
  title={Quantum guessing games with posterior information},
  author={Carmeli, Claudio and Heinosaari, Teiko and Toigo, Alessandro},
  journal={Reports on Progress in Physics},
  year={2022},
  publisher={IOP Publishing},
  doi={10.1088/1361-6633/ac6f0e}
}
