
@article{junge2003noncommutative,
  title={Noncommutative {B}urkholder/{R}osenthal inequalities},
  author={M. Junge and Q. Xu},
  journal={The Annals of Probability},
  volume={31},
  number={2},
  pages={948--995},
  year={2003},
  publisher={Institute of Mathematical Statistics}
} 


