@article{plavala2016allmeasurements,
  title={All measurements in a probabilistic theory are compatible if and only if the state space is a simplex},
  author={Pl{\'a}vala, Martin},
  journal={Physical Review A},
  volume={94},
  number={4},
  pages={042108},
  year={2016},
  publisher={APS}
}

