@article{jones2007entanglement,
  title={{Entanglement, Einstein-Podolsky-Rosen correlations, Bell nonlocality, and steering}},
  author={Jones, Steve James and Wiseman, Howard Mark and Doherty, Andrew C},
  journal={Physical Review A},
  volume={76},
  number={5},
  pages={052116},
  year={2007},
  publisher={APS}
}

