@article{haagerup1979operator1,
  title={Operator valued weights in von Neumann algebras, I},
  author={Haagerup, Uffe},
  journal={Journal of Functional Analysis},
  volume={32},
  number={2},
  pages={175--206},
  year={1979},
  publisher={Elsevier}
}
@article{haagerup1979operator2,
  title={Operator valued weights in von Neumann algebras, II},
  author={Haagerup, Uffe},
  journal={Journal of Functional Analysis},
  volume={33},
  number={3},
  pages={339--361},
  year={1979},
  publisher={Elsevier}
}
