@article{kato2024onrenyi,
    author = {Kato, Shinya},
    title = "{On α-z-Rényi divergence in the von Neumann algebra setting}",
    journal = {Journal of Mathematical Physics},
    volume = {65},
    number = {4},
    pages = {042202},
    year = {2024},
    doi = {10.1063/5.0186552},    
}

  
