@article{heinosaari2017incompatibility,
  title={Incompatibility of quantum channels},
  author={Heinosaari, Teiko and Miyadera, Takayuki},
  journal={Journal of Physics A: Mathematical and Theoretical},
  volume={50},
  number={13},
  pages={135302},
  year={2017},
  publisher={IOP Publishing},
  doi={https://doi.org/10.1088/1751-8121/aa5f6b}
}
