@article{widom1955embedding,
author = {Harold Widom},
title = {{Embedding in algebras of type I}},
volume = {23},
journal = {Duke Mathematical Journal},
number = {2},
publisher = {Duke University Press},
pages = {309 -- 324},
year = {1956},
doi = {10.1215/S0012-7094-56-02330-4},
}

