@book{ohya1993quantum,
  title={Quantum entropy and its use},
  author={Ohya, Masanori and Petz, D{\'e}nes},
  year={1993},
  publisher={Springer}
}
