@article{stano2008coexistence,
  title={Coexistence of qubit effects},
  author={Stano, Peter and Reitzner, Daniel and Heinosaari, Teiko},
  journal={Physical Review A},
  volume={78},
  number={1},
  pages={012315},
  year={2008},
  publisher={APS}
}

