@article{foulis2016aloomissikorski,
}