@inproceedings{Jenvca2014EffectAA,
  title={Effect algebras are the Eilenberg-Moore category for the Kalmbach monad},
  author={Gejza Jenvca},
  year={2014}
}