@article{chiribella2008quantum,
   title={Quantum Circuit Architecture},
   volume={101},
   ISSN={1079-7114},
   url={http://dx.doi.org/10.1103/PhysRevLett.101.060401},
   DOI={10.1103/physrevlett.101.060401},
   number={6},
   journal={Physical Review Letters},
   publisher={American Physical Society (APS)},
   author={Chiribella, G. and Dâ€™Ariano, G. M. and Perinotti, P.},
   year={2008},
   month=aug 
   }
