@article{bisio2019theoretical,
   title={Theoretical framework for higher-order quantum theory},
   volume={475},
   ISSN={1471-2946},
   url={http://dx.doi.org/10.1098/rspa.2018.0706},
   DOI={10.1098/rspa.2018.0706},
   number={2225},
   journal={Proceedings of the Royal Society A: Mathematical, Physical and Engineering Sciences},
   publisher={The Royal Society},
   author={Bisio, Alessandro and Perinotti, Paolo},
   year={2019},
   month={May},
   pages={20180706}
}

