@article{hirche2023quantum,
	authors={C. Hirche,},
	year={2023},
	journal={arXiv preprint arXiv:2306.12343},
}