
@article{paulsen2011operator,
  title={Operator system structures on ordered spaces},
  author={V. I. Paulsen and I. G. Todorov and M. Tomforde},
  journal={Proceedings of the London Mathematical Society},
  volume={102},
  number={1},
  pages={25--49},
  year={2011},
  publisher={Wiley Online Library}
}

