@article{wiseman2007steering,
	authors={Wiseman, M. H. and Jones, S. J. and Doherty, A. C.},
	title={Steering, entanglement, nonlocality, and the {EPR} paradox},
	year={2007},
	journal={Physical Review Letters},
	volume={98}, 
	pages={140402}
}
