@article{jencova2021tensor,
  title={Tensor product of dimension effect algebras},
  author={Jen{\v{c}}ov{\'a}, Anna and Pulmannova, Sylvia},
  journal={Order},
  volume={38},
  number={3},
  pages={377--389},
  year={2021},
  publisher={Springer}
  doi={https://doi.org/10.1007/s11083-020-09546-z}
}

