@article{kunze1990noncommutative,
author = {Kunze, Wolfgang},
title = {Noncommutative Orlicz Spaces and Generalized Arens Algebras},
journal = {Mathematische Nachrichten},
volume = {147},
number = {1},
pages = {123-138},
doi = {https://doi.org/10.1002/mana.19901470114},
url = {https://onlinelibrary.wiley.com/doi/abs/10.1002/mana.19901470114},
eprint = {https://onlinelibrary.wiley.com/doi/pdf/10.1002/mana.19901470114},
year = {1990}
}
