@article{hiai2024logmajorization,
  title={Log-majorization and matrix norm inequalities with application to quantum information},
  author={Hiai, Fumio},
  journal={arXiv preprint arXiv:2402.16067},
  year={2024}
}

