@article{jencova2004geodesic,
  title={Geodesic distances on density matrices},
  author={Jen{\v{c}}ov{\'a}, Anna},
  journal={Journal of Mathematical Physics},
  volume={45},
  number={5},
  pages={1787--1794},
  year={2004},
  publisher={American Institute of Physics}
}

