@article{pautrat2020kelislemma,
}