@article{wilde2018optimized,
  title={Optimized quantum $f$-divergences and data processing},
  author={M. M. Wilde},
  journal={Journal of Physics A: Mathematical and Theoretical},
  volume={51},
  number={37},
  pages={374002},
  year={2018},
  publisher={IOP Publishing}
}

