@article{farooq2024matrix,
  title={Matrix majorization in large samples},
  author={Farooq, Muhammad Usman and Fritz, Tobias and Haapasalo, Erkka and Tomamichel, Marco},
  journal={IEEE Transactions on Information Theory},
  year={2024},
  publisher={IEEE},
  doi={10.1109/TIT.2024.3352088}
}

