
@article{kosaki1984applications,
Author={H. Kosaki},
Title={{Applications of the complex interpolation method to a von Neumann algebra: Non-commutative $L_p$-spaces}},
Journal={{J. Funct. Anal.}},
Year={{1984}},
Volume={{56}},
Pages={{26-78}},
}

