
@article{cwikel1978complex,
  title={Complex Interpolation Spaces, a Discrete Definition and Reiteration},
  author={Cwikel, Michael},
  journal={Indiana University Mathematics Journal},
  volume={27},
  pages={1005-1009},
  year={1978},
  doi={10.1512/iumj.1978.27.27068}
}


