@article{hiai2019quantum,
  title={Quantum f-divergences in von Neumann algebras. II. Maximal f-divergences},
  author={F. Hiai},
  journal={Journal of Mathematical Physics},
  volume={60},
  number={1},
  pages={012203},
  year={2019},
  publisher={AIP Publishing LLC}
}
