@book{watrous2018thetheory,
  title={The Theory of Quantum Information},
  author={Watrous, John},
  year={2018},
  publisher={Cambridge University Press},
  doi={10.1017/9781316848142}
}
