@article{lieb1973proof,
  title={Proof of the Strong Subadditivity of Quantum-Mechanical Entropy},
  author={Lieb, Elliott H and Ruskai, Mary Beth},
  journal={Les rencontres physiciens-math{\'e}maticiens de Strasbourg-RCP25},
  volume={19},
  pages={36--55},
  year={1973},
  doi={10.1063/1.1666274}

}

