@book{torgersen1991comparison, 
address={Cambridge}, 
series={Encyclopedia of Mathematics and its Applications}, 
title={Comparison of Statistical Experiments}, 
DOI={10.1017/CBO9780511666353}, 
publisher={Cambridge University Press}, 
author={T{\" o}rgersen, Erik}, 
year={1991}, 
}


