
@book{aubrun2017alice,
Author={G. Aubrun and S. Szarek},
Title={{Alice and Bob meet Banach}},
Publisher={{American Mathematical Society}},
series={Mathematical Surveys and Monographs},
number={223},
Year={{2017}},
}
