
@article{kosaki1992aninequality,
  title={{An inequality of Araki-Lieb-Thirring (von Neumann algebra case)}},
  author={Kosaki, Hideki},
  journal={Proceedings of the American Mathematical Society},
  volume={114},
  number={2},
  pages={477--481},
  year={1992},
  doi={10.1090/S0002-9939-1992-1065951-1}
}


