@article{zolotarev1982lpspaces,
Author={A. A. Zolotarev},
Title={{$L_P$-spaces with respect to a state on a von Neumann algebra, and interpolation}},
Journal={{Russian Mathematics (Izvestiya VUZ Matematika)}},
Year={{1982}},
Volume={{26}},
Pages={{41-50}},
}
