@article{foulis2005compressible,
  title={Compressible groups with general comparability},
  author={Foulis, David J},
  journal={Mathematica Slovaca},
  volume={55},
  number={4},
  pages={409--429},
  year={2005},
  publisher={Mathematical Institute of the Slovak Academy of Sciences}
}
