@article{uola2020quantum,
	authors={R. Uola,},
	year={2020},
	journal={Reviews of Modern Physics}
	volume= {92},
	number={1}, 
	pages={015001},
}
