@article{streater2004quantum,
  title={Quantum Orlicz spaces in information geometry},
  author={Streater, Raymond Frederick},
  journal={Open systems \& information dynamics},
  volume={11},
  number={4},
  pages={359--375},
  year={2004},
  publisher={Springer}
}