@article{jencova2020structure,
  title={{Structure of quantum and classical implementations of the Popescu-Rohrlich box}},
  author={Jen{\v{c}}ov{\'a}, Anna and Pl{\'a}vala, Martin},
  journal={Physical Review A},
  volume={102},
  number={4},
  pages={042208},
  year={2020},
  publisher={APS}
}

