@article{hiai2011quantum,
  title={Quantum f-divergences and error correction},
  author={Hiai, Fumio and Mosonyi, Mil{\'a}n and Petz, D{\'e}nes and B{\'e}ny, C{\'e}dric},
  journal={Reviews in Mathematical Physics},
  volume={23},
  number={07},
  pages={691--747},
  year={2011},
  publisher={World Scientific},
  doi={10.1142/S0129055X11004412}
}



