@article{arveson1972subalgebras,
  title={Subalgebras of C*-algebras II},
  author={Arveson, William},
  journal={Acta Mathematica},
  volume={128},
  pages={271--308},
  year={1972},
  publisher={Institut Mittag-Leffler},
  doi={10.1007/BF02392166}
}

