@article{fritz2020representable,
}