@article{hiai1984strong,
  title={Strong martingale convergence of generalized conditional expectations on von {N}eumann algebras},
  author={Hiai, Fumio and Tsukada, Makoto},
  journal={Transactions of the American Mathematical Society},
  volume={282},
  number={2},
  pages={791--798},
  year={1984},
  doi={10.1090/S0002-9947-1984-0732120-1}
}
