@inproceedings{Jenvca2020DerivedVG,
  title={Derived voltage graphs come from an adjunction},
  author={Gejza Jenvca},
  year={2020}
}