@book{alfsen1976non,
  title={Non-commutative spectral theory for affine function spaces on convex sets},
  author={Alfsen, Erik Magnus and Shultz, Frederic W},
  volume={172},
  year={1976},
  publisher={American Mathematical Soc.}
}

