@article{wright1977jordan,
  title={Jordan $ C\^{}* $-algebras.},
  author={Wright, JD Maitland},
  journal={Michigan Mathematical Journal},
  volume={24},
  number={3},
  pages={291--302},
  year={1977},
  publisher={University of Michigan, Department of Mathematics},
  doi={0.1307/mmj/1029001946}
}
