@misc{hiai2020,
  title={Quantum $f$-divergences in von {N}eumann algebras},
  author={F. Hiai},
  year={2020},
  howpublished={Unpublished manuscript}
}

