@article{uhlmann1977relative,
  title={Relative Entropy and the {Wigner-Yanase-Dyson-Lieb} Concavity in an Interpolation Theory},
  author={Uhlmann, A},
  journal={Commun. math. Phys},
  volume={54},
  pages={21--32},
  year={1977},
  doi={https://doi.org/10.1007/BF01609834}
}



