@article{nussbaum2009thechernoff,
  title={The Chernoff Lower Bound for Symmetric Quantum Hypothesis Testing},
  author={Nussbaum, Michael and Szko{\l}a, Arleta},
  journal={The Annals of Statistics},
  pages={1040--1057},
  year={2009},
  doi={DOI: 10.1214/08-AOS593}
}

