@article{holevo1973bounds,
  title={Bounds for the quantity of information transmitted by a quantum communication channel},
  author={Holevo, Alexander Semenovich},
  journal={Problemy Peredachi Informatsii},
  volume={9},
  number={3},
  pages={3--11},
  year={1973},
}

