@article{bluhm2022incompatibility,
  title={Incompatibility in general probabilistic theories, generalized spectrahedra, and tensor norms},
  author={Bluhm, Andreas and Jen{\v{c}}ov{\'a}, Anna and Nechita, Ion},
  journal={Communications in Mathematical Physics},
  volume={393},
  number={3},
  pages={1125--1198},
  year={2022},
  publisher={Springer},
  doi={https://doi.org/10.1007/s00220-022-04379-w}
}
