@article{sutter2016strengthened,
  title={Strengthened monotonicity of relative entropy via pinched {Petz} recovery map},
  author={Sutter, David and Tomamichel, Marco and Harrow, Aram W},
  journal={IEEE Transactions on Information Theory},
  volume={62},
  number={5},
  pages={2907--2913},
  year={2016},
  publisher={IEEE},
  doi={10.1109/TIT.2016.2545680}
}


