@article{jencova2018ontheproperties,
}