@article{petz1988sufficiency,
  title={Sufficiency of channels over von Neumann algebras},
  author={Petz, D{\'e}nes},
  journal={The Quarterly Journal of Mathematics},
  volume={39},
  number={1},
  pages={97--108},
  year={1988},
  publisher={Oxford University Press}
}
