@article{arveson1969subalgebras,
  title={Subalgebras of {C*}-algebras},
  author={Arveson, William B},
  journal={Acta Mathematica},
  volume={123},
  number={1},
  pages={141--224},
  year={1969},
  publisher={Springer},
  doi={https://doi.org/10.1007/BF02392388}
}

