@article{araki1977relative,
  title={Relative entropy for states of von Neumann algebras II},
  author={Araki, Huzihiro},
  journal={Publications of the Research Institute for Mathematical Sciences},
  volume={13},
  number={1},
  pages={173--192},
  year={1977}
}
