@article{petz1988variational,
  title={A variational expression for the relative entropy},
  author={Petz, D{\'e}nes},
  journal={Communications in Mathematical Physics},
  volume={114},
  number={2},
  pages={345--349},
  year={1988},
  publisher={Springer}
}
